{"data":[{"e":"depthUpdate","E":1557445922064,"s":"BNBBTC","U":264200028,"u":264200039,"b":[["0.00303070","5.60000000"],["0.00303020","0.00000000"],["0.00303010","0.00000000"],["0.00297270","0.00000000"]],"a":[["0.00303320","5.60000000"],["0.00303340","0.00000000"],["0.00303600","0.00000000"]]},{"e":"depthUpdate","E":1557445923064,"s":"BNBBTC","U":264200040,"u":264200047,"b":[["0.00303070","17.37000000"],["0.00299650","50.06000000"],["0.00297110","1.27000000"],["0.00292510","2.20000000"],["0.00292090","2.00000000"]],"a":[["0.00304160","26.36000000"],["0.00304800","17.47000000"],["0.00305000","552.93000000"]]},{"e":"depthUpdate","E":1557445924064,"s":"BNBBTC","U":264200048,"u":264200058,"b":[["0.00303070","0.00000000"],["0.00302890","1067.37000000"],["0.00302390","9.85000000"],["0.00299530","2.15000000"],["0.00298880","21.80000000"]],"a":[["0.00303070","11.01000000"],["0.00303280","0.00000000"],["0.00303310","3.40000000"],["0.00303320","5.60000000"],["0.00303340","0.00000000"]]},{"e":"depthUpdate","E":1557445925064,"s":"BNBBTC","U":264200059,"u":264200078,"b":[["0.00303060","20.68000000"],["0.00302900","134.36000000"],["0.00302890","762.44000000"],["0.00302400","105.44000000"],["0.00302380","60.56000000"],["0.00302370","0.00000000"],["0.00302260","421.12000000"],["0.00302250","0.00000000"],["0.00299570","13.05000000"],["0.00299490","2.54000000"],["0.00299270","3.34000000"],["0.00299180","66.73000000"],["0.00298970","10.42000000"],["0.00296800","16.61000000"],["0.00296750","0.37000000"],["0.00296450","6.56000000"]],"a":[["0.00303070","0.00000000"],["0.00303420","119.30000000"],["0.00303610","59.85000000"]]},{"e":"depthUpdate","E":1557445926064,"s":"BNBBTC","U":264200079,"u":264200108,"b":[["0.00303010","0.00000000"],["0.00302920","0.00000000"],["0.00302910","65.19000000"],["0.00302390","0.00000000"],["0.00302030","79.86000000"],["0.00302000","2.00000000"],["0.00301900","332.00000000"],["0.00301180","3.86000000"],["0.00299650","0.00000000"],["0.00299600","233.63000000"]],"a":[["0.00303160","16.28000000"],["0.00303270","5.60000000"],["0.00303280","28.43000000"],["0.00303290","0.00000000"],["0.00303300","0.00000000"],["0.00303310","70.00000000"],["0.00303320","0.00000000"],["0.00303340","0.00000000"],["0.00303440","79.62000000"]]},{"e":"depthUpdate","E":1557445927064,"s":"BNBBTC","U":264200109,"u":264200114,"b":[["0.00302410","81.74000000"],["0.00302400","23.01000000"]],"a":[["0.00303540","295.06000000"],["0.00305970","0.00000000"],["0.00308760","1.79000000"],["0.00308810","0.00000000"]]},{"e":"depthUpdate","E":1557445928064,"s":"BNBBTC","U":264200115,"u":264200119,"b":[],"a":[["0.00303280","0.00000000"],["0.00304700","0.00000000"],["0.00304800","117.47000000"],["0.00305000","452.93000000"]]},{"e":"depthUpdate","E":1557445929064,"s":"BNBBTC","U":264200120,"u":264200131,"b":[["0.00302900","130.00000000"],["0.00302890","0.00000000"],["0.00302420","9.85000000"],["0.00302410","81.74000000"],["0.00302400","23.01000000"],["0.00302390","82.82000000"],["0.00302180","797.93000000"],["0.00302040","1.36000000"]],"a":[["0.00303540","0.00000000"],["0.00306020","54.20000000"]]},{"e":"depthUpdate","E":1557445930064,"s":"BNBBTC","U":264200132,"u":264200157,"b":[["0.00302900","0.00000000"],["0.00302470","9.85000000"],["0.00302460","111.38000000"],["0.00302450","304.94000000"],["0.00302440","0.00000000"],["0.00302430","143.17000000"],["0.00302420","120.88000000"],["0.00302410","81.74000000"],["0.00302400","327.95000000"],["0.00302390","0.00000000"],["0.00302380","0.00000000"],["0.00302230","0.00000000"],["0.00302000","332.00000000"],["0.00301900","2.00000000"]],"a":[["0.00303510","0.00000000"]]},{"e":"depthUpdate","E":1557445931064,"s":"BNBBTC","U":264200158,"u":264200172,"b":[["0.00302910","0.00000000"],["0.00302490","121.23000000"],["0.00302480","156.08000000"],["0.00302470","0.00000000"],["0.00302460","0.00000000"],["0.00302410","0.00000000"],["0.00302030","0.00000000"],["0.00298610","11.36000000"],["0.00298430","4.46000000"]],"a":[["0.00303490","20.00000000"],["0.00303590","0.00000000"]]},{"e":"depthUpdate","E":1557445932064,"s":"BNBBTC","U":264200173,"u":264200189,"b":[["0.00303000","0.00000000"],["0.00302510","121.23000000"],["0.00302500","270.79000000"],["0.00302490","70.00000000"],["0.00302480","79.24000000"],["0.00302420","0.00000000"],["0.00299610","183.57000000"],["0.00299600","50.06000000"],["0.00298790","6.62000000"]],"a":[["0.00306020","0.79000000"]]},{"e":"depthUpdate","E":1557445933065,"s":"BNBBTC","U":264200190,"u":264200212,"b":[["0.00303070","762.02000000"],["0.00302530","121.23000000"],["0.00302520","261.42000000"],["0.00302510","4.36000000"],["0.00302500","62.13000000"],["0.00302430","77.69000000"],["0.00302260","0.00000000"],["0.00299250","11.33000000"],["0.00298620","0.40000000"]],"a":[["0.00303300","60.78000000"],["0.00303430","0.00000000"],["0.00303560","22.99000000"],["0.00303600","295.05000000"],["0.00303680","0.00000000"],["0.00304800","17.47000000"]]},{"e":"depthUpdate","E":1557445934066,"s":"BNBBTC","U":264200213,"u":264200224,"b":[["0.00302550","121.22000000"],["0.00302540","75.41000000"],["0.00302530","0.00000000"],["0.00302520","183.92000000"],["0.00299090","12.02000000"]],"a":[["0.00303160","12.28000000"],["0.00304700","100.00000000"]]},{"e":"depthUpdate","E":1557445935065,"s":"BNBBTC","U":264200225,"u":264200236,"b":[["0.00302960","80.80000000"],["0.00302570","121.22000000"],["0.00302560","74.39000000"],["0.00302550","0.00000000"],["0.00302540","0.00000000"],["0.00302490","0.00000000"]],"a":[["0.00303160","4.32000000"],["0.00303300","0.00000000"]]},{"e":"depthUpdate","E":1557445936065,"s":"BNBBTC","U":264200237,"u":264200253,"b":[["0.00302590","121.22000000"],["0.00302580","79.89000000"],["0.00302570","0.00000000"],["0.00302560","0.00000000"],["0.00302510","0.00000000"],["0.00302460","797.25000000"],["0.00302180","0.00000000"]],"a":[["0.00303270","6.13000000"],["0.00303490","315.02000000"],["0.00303590","60.93000000"],["0.00304670","0.00000000"],["0.00304820","927.65000000"],["0.00305960","51.50000000"]]},{"e":"depthUpdate","E":1557445937066,"s":"BNBBTC","U":264200254,"u":264200272,"b":[["0.00302610","111.37000000"],["0.00302600","75.95000000"],["0.00302590","9.85000000"],["0.00302580","0.00000000"],["0.00302530","0.00000000"],["0.00302100","330.00000000"],["0.00302000","2.00000000"]],"a":[["0.00303160","0.92000000"],["0.00303270","0.53000000"],["0.00303300","9.00000000"],["0.00303320","0.00000000"],["0.00303490","20.00000000"],["0.00304600","100.00000000"],["0.00304700","0.00000000"]]},{"e":"depthUpdate","E":1557445938065,"s":"BNBBTC","U":264200273,"u":264200283,"b":[["0.00302630","111.37000000"],["0.00302620","81.99000000"],["0.00302610","0.00000000"],["0.00302600","0.00000000"],["0.00302530","128.24000000"]],"a":[["0.00304600","0.00000000"],["0.00304700","100.00000000"],["0.00322000","2.39000000"],["0.00325000","197.96000000"]]},{"e":"depthUpdate","E":1557445940066,"s":"BNBBTC","U":264200284,"u":264200289,"b":[["0.00296870","0.00000000"],["0.00296770","24.55000000"]],"a":[["0.00304160","0.00000000"],["0.00304480","0.00000000"]]},{"e":"depthUpdate","E":1557445941066,"s":"BNBBTC","U":264200290,"u":264200297,"b":[["0.00302650","111.37000000"],["0.00302640","75.91000000"],["0.00302630","0.00000000"],["0.00302620","0.00000000"],["0.00302540","0.00000000"]],"a":[]},{"e":"depthUpdate","E":1557445942066,"s":"BNBBTC","U":264200298,"u":264200302,"b":[["0.00303070","758.43000000"],["0.00303060","0.00000000"]],"a":[["0.00303600","0.00000000"],["0.00303640","295.02000000"],["0.00304040","13.19000000"]]},{"e":"depthUpdate","E":1557445943066,"s":"BNBBTC","U":264200303,"u":264200307,"b":[["0.00303100","109.16000000"],["0.00261530","0.60000000"]],"a":[["0.00303640","0.00000000"],["0.00304040","26.38000000"],["0.00304360","13.19000000"]]},{"e":"depthUpdate","E":1557445944067,"s":"BNBBTC","U":264200308,"u":264200318,"b":[["0.00303080","4.36000000"],["0.00302670","111.35000000"],["0.00302660","81.54000000"],["0.00302650","0.00000000"],["0.00302640","0.00000000"],["0.00299030","2.14000000"],["0.00298990","0.83000000"]],"a":[["0.00303440","0.00000000"],["0.00304360","26.38000000"]]},{"e":"depthUpdate","E":1557445945066,"s":"BNBBTC","U":264200319,"u":264200324,"b":[["0.00303100","179.16000000"],["0.00302960","10.80000000"]],"a":[["0.00303490","0.00000000"],["0.00303600","20.00000000"],["0.00303610","354.85000000"],["0.00303660","75.47000000"]]},{"e":"depthUpdate","E":1557445946066,"s":"BNBBTC","U":264200325,"u":264200327,"b":[["0.00302600","23.01000000"],["0.00302400","304.94000000"],["0.00301170","0.00000000"]],"a":[]},{"e":"depthUpdate","E":1557445947066,"s":"BNBBTC","U":264200328,"u":264200330,"b":[["0.00302680","9.84000000"],["0.00302590","0.00000000"]],"a":[["0.00303160","10.91000000"]]},{"e":"depthUpdate","E":1557445948067,"s":"BNBBTC","U":264200331,"u":264200339,"b":[["0.00303160","9.76000000"],["0.00303100","170.95000000"],["0.00303080","0.00000000"],["0.00302200","330.00000000"],["0.00302100","0.00000000"]],"a":[["0.00303160","0.00000000"],["0.00303540","0.00000000"],["0.00303610","295.00000000"],["0.00305960","0.00000000"]]},{"e":"depthUpdate","E":1557445949068,"s":"BNBBTC","U":264200340,"u":264200348,"b":[["0.00302700","111.34000000"],["0.00302690","76.15000000"],["0.00302670","0.00000000"],["0.00302660","0.00000000"]],"a":[["0.00303610","0.00000000"],["0.00304040","13.19000000"],["0.00304810","64.47000000"]]},{"e":"depthUpdate","E":1557445950068,"s":"BNBBTC","U":264200349,"u":264200352,"b":[["0.00303080","4.36000000"],["0.00301190","3.68000000"],["0.00297900","0.00000000"]],"a":[["0.00305980","54.63000000"]]},{"e":"depthUpdate","E":1557445951069,"s":"BNBBTC","U":264200353,"u":264200354,"b":[["0.00298320","1.67000000"]],"a":[["0.00303590","355.93000000"]]},{"e":"depthUpdate","E":1557445952068,"s":"BNBBTC","U":264200355,"u":264200358,"b":[["0.00301180","0.65000000"]],"a":[["0.00303420","0.00000000"],["0.00303540","127.51000000"]]},{"e":"depthUpdate","E":1557445953068,"s":"BNBBTC","U":264200359,"u":264200370,"b":[["0.00303160","5.69000000"],["0.00303080","0.00000000"],["0.00302530","0.00000000"],["0.00300060","0.00000000"]],"a":[["0.00303300","5.60000000"],["0.00303320","3.40000000"],["0.00303590","60.93000000"],["0.00305980","0.55000000"]]},{"e":"depthUpdate","E":1557445954068,"s":"BNBBTC","U":264200371,"u":264200395,"b":[["0.00303080","4.36000000"],["0.00302720","111.34000000"],["0.00302710","80.00000000"],["0.00302700","0.00000000"],["0.00302690","0.00000000"],["0.00302200","0.00000000"],["0.00301800","330.00000000"],["0.00300970","0.49000000"],["0.00299700","183.51000000"],["0.00299610","0.00000000"]],"a":[["0.00303300","5.60000000"],["0.00303320","3.40000000"],["0.00303500","20.00000000"],["0.00303560","0.00000000"],["0.00303600","0.00000000"],["0.00303640","294.99000000"],["0.00304580","22.99000000"]]},{"e":"depthUpdate","E":1557445955068,"s":"BNBBTC","U":264200396,"u":264200414,"b":[["0.00295650","14.85000000"],["0.00295440","0.00000000"]],"a":[["0.00303300","5.60000000"],["0.00303320","3.40000000"],["0.00305990","42.55000000"]]},{"e":"depthUpdate","E":1557445956068,"s":"BNBBTC","U":264200415,"u":264200446,"b":[["0.00303270","2.12000000"],["0.00303160","1.54000000"],["0.00303150","5.60000000"],["0.00303140","9.84000000"],["0.00303130","0.00000000"],["0.00303120","3.40000000"],["0.00303110","28.55000000"],["0.00302830","20.00000000"],["0.00302720","82.79000000"],["0.00302680","0.00000000"],["0.00301180","0.00000000"]],"a":[["0.00303270","0.00000000"],["0.00303300","0.00000000"],["0.00303310","0.00000000"],["0.00303320","0.00000000"],["0.00303330","0.00000000"],["0.00303350","0.00000000"],["0.00303450","0.00000000"],["0.00303490","0.00000000"],["0.00303500","0.00000000"],["0.00303530","12.05000000"],["0.00303540","18.32000000"],["0.00303640","0.00000000"],["0.00304680","0.00000000"],["0.00305990","0.00000000"]]},{"e":"depthUpdate","E":1557445957068,"s":"BNBBTC","U":264200447,"u":264200474,"b":[["0.00303290","0.00000000"],["0.00303280","2.42000000"],["0.00303270","70.00000000"],["0.00303170","90.95000000"],["0.00303150","0.00000000"],["0.00303120","0.00000000"],["0.00303110","159.72000000"],["0.00303100","100.95000000"],["0.00302520","59.92000000"],["0.00301390","4.08000000"],["0.00300380","0.00000000"]],"a":[["0.00303540","0.00000000"],["0.00303550","0.00000000"],["0.00303560","3.40000000"],["0.00303760","294.99000000"],["0.00304040","0.00000000"],["0.00304350","75.12000000"],["0.00307520","0.00000000"],["0.00307620","177.00000000"]]},{"e":"depthUpdate","E":1557445958068,"s":"BNBBTC","U":264200475,"u":264200508,"b":[["0.00303310","0.00000000"],["0.00303300","0.00000000"],["0.00303290","0.00000000"],["0.00303280","28.53000000"],["0.00303180","0.00000000"],["0.00303140","0.00000000"],["0.00303110","131.17000000"],["0.00303080","0.00000000"],["0.00302960","0.00000000"],["0.00302460","0.00000000"],["0.00302410","797.43000000"],["0.00300370","0.99000000"]],"a":[["0.00303300","0.00000000"],["0.00303520","9.00000000"],["0.00303530","5.81000000"],["0.00303550","0.00000000"],["0.00303560","0.00000000"],["0.00303590","0.00000000"],["0.00303640","65.24000000"],["0.00303660","95.47000000"],["0.00303760","0.00000000"],["0.00304700","0.00000000"],["0.00304800","148.63000000"],["0.00305000","552.93000000"]]},{"e":"depthUpdate","E":1557445959069,"s":"BNBBTC","U":264200509,"u":264200521,"b":[["0.00303300","20.51000000"],["0.00303290","39.59000000"],["0.00303280","0.00000000"],["0.00301390","6.13000000"],["0.00300530","12.18000000"],["0.00299510","0.00000000"],["0.00296550","0.00000000"]],"a":[["0.00303630","8.02000000"],["0.00303670","136.03000000"],["0.00304630","0.00000000"],["0.00304720","13.17000000"],["0.00304820","902.47000000"]]},{"e":"depthUpdate","E":1557445960069,"s":"BNBBTC","U":264200522,"u":264200526,"b":[["0.00303170","79.18000000"]],"a":[["0.00304130","0.00000000"],["0.00304220","77.09000000"],["0.00304720","26.34000000"],["0.00305360","37.71000000"]]},{"e":"depthUpdate","E":1557445961069,"s":"BNBBTC","U":264200527,"u":264200538,"b":[["0.00303300","20.51000000"],["0.00303180","0.00000000"],["0.00303170","0.00000000"],["0.00301820","10.00000000"]],"a":[["0.00304710","27.80000000"],["0.00304960","157.07000000"],["0.00305130","25.48000000"],["0.00306150","51.30000000"]]},{"e":"depthUpdate","E":1557445962070,"s":"BNBBTC","U":264200539,"u":264200545,"b":[["0.00303300","0.00000000"],["0.00303130","20.51000000"],["0.00303120","64.26000000"],["0.00302520","0.00000000"],["0.00301160","2.13000000"]],"a":[["0.00304990","0.00000000"],["0.00306160","51.63000000"]]},{"e":"depthUpdate","E":1557445963069,"s":"BNBBTC","U":264200546,"u":264200553,"b":[["0.00303290","0.00000000"],["0.00300210","5.23000000"],["0.00299840","0.00000000"],["0.00294930","0.40000000"],["0.00294720","0.00000000"]],"a":[["0.00305340","1.78000000"],["0.00306150","0.00000000"],["0.00306820","0.00000000"]]},{"e":"depthUpdate","E":1557445964069,"s":"BNBBTC","U":264200554,"u":264200560,"b":[["0.00303300","5.00000000"],["0.00302930","20.00000000"],["0.00302830","0.00000000"]],"a":[["0.00303520","5.60000000"],["0.00303620","3.40000000"],["0.00307170","3.75000000"],["0.00308760","0.00000000"]]},{"e":"depthUpdate","E":1557445965069,"s":"BNBBTC","U":264200561,"u":264200577,"b":[["0.00303280","9.84000000"],["0.00303070","0.00000000"],["0.00302720","0.00000000"],["0.00302510","82.75000000"],["0.00300020","183.32000000"],["0.00299700","0.00000000"]],"a":[["0.00303520","0.00000000"],["0.00303530","0.00000000"],["0.00303560","5.60000000"],["0.00303570","3.79000000"],["0.00303580","5.21000000"],["0.00303620","3.40000000"],["0.00303630","8.02000000"],["0.00309020","1.80000000"]]},{"e":"depthUpdate","E":1557445966070,"s":"BNBBTC","U":264200578,"u":264200584,"b":[["0.00303300","6.10000000"],["0.00303280","0.00000000"],["0.00303140","9.84000000"],["0.00297940","2.18000000"],["0.00296950","0.00000000"],["0.00293930","15.96000000"],["0.00293800","0.00000000"]],"a":[]},{"e":"depthUpdate","E":1557445967069,"s":"BNBBTC","U":264200585,"u":264200595,"b":[["0.00303300","0.00000000"],["0.00303270","52.70000000"]],"a":[["0.00303540","9.00000000"],["0.00303550","29.08000000"],["0.00303560","0.00000000"],["0.00303580","0.00000000"],["0.00303620","0.00000000"],["0.00303630","8.02000000"]]},{"e":"depthUpdate","E":1557445968069,"s":"BNBBTC","U":264200596,"u":264200598,"b":[["0.00303290","11.77000000"],["0.00303280","23.54000000"]],"a":[]},{"e":"depthUpdate","E":1557445969069,"s":"BNBBTC","U":264200599,"u":264200603,"b":[["0.00303290","63.13000000"]],"a":[["0.00303550","0.00000000"],["0.00303660","75.47000000"],["0.00303870","20.00000000"]]},{"e":"depthUpdate","E":1557445970070,"s":"BNBBTC","U":264200604,"u":264200612,"b":[["0.00303300","30.35000000"],["0.00303290","86.67000000"],["0.00303140","0.00000000"],["0.00303130","0.00000000"],["0.00295000","1045.88000000"]],"a":[["0.00303540","3.40000000"],["0.00303560","5.60000000"]]},{"e":"depthUpdate","E":1557445971069,"s":"BNBBTC","U":264200613,"u":264200616,"b":[["0.00299600","0.00000000"],["0.00299270","53.40000000"]],"a":[["0.00303730","140.00000000"],["0.00303870","0.00000000"]]},{"e":"depthUpdate","E":1557445972069,"s":"BNBBTC","U":264200617,"u":264200640,"b":[["0.00303340","3.39000000"],["0.00303330","9.84000000"],["0.00303320","54.57000000"],["0.00303310","11.77000000"],["0.00303300","0.00000000"],["0.00303290","74.90000000"],["0.00303280","0.00000000"],["0.00302410","0.00000000"],["0.00301810","798.17000000"],["0.00301700","0.00000000"],["0.00298750","32.74000000"],["0.00298070","3.11000000"]],"a":[["0.00303540","0.00000000"],["0.00303560","0.00000000"],["0.00303570","0.00000000"],["0.00303630","13.62000000"],["0.00303730","120.00000000"],["0.00304790","905.09000000"],["0.00304820","0.00000000"],["0.00305000","452.93000000"],["0.00305100","101.36000000"]]},{"e":"depthUpdate","E":1557445973069,"s":"BNBBTC","U":264200641,"u":264200667,"b":[["0.00303380","0.00000000"],["0.00303370","0.00000000"],["0.00303360","10.65000000"],["0.00303350","11.77000000"],["0.00303340","0.00000000"],["0.00303330","0.00000000"],["0.00303320","78.11000000"],["0.00303290","23.54000000"],["0.00293960","0.00000000"]],"a":[["0.00303620","2.58000000"],["0.00303660","1.18000000"],["0.00304360","0.00000000"],["0.00305100","1.36000000"],["0.00305200","100.00000000"],["0.00305360","12.53000000"]]},{"e":"depthUpdate","E":1557445974070,"s":"BNBBTC","U":264200668,"u":264200676,"b":[["0.00303390","0.81000000"],["0.00303380","3.72000000"],["0.00303360","9.84000000"],["0.00303350","51.36000000"],["0.00303290","11.77000000"],["0.00302930","0.00000000"]],"a":[["0.00304030","27.49000000"],["0.00304760","74.33000000"],["0.00305130","0.00000000"]]},{"e":"depthUpdate","E":1557445975070,"s":"BNBBTC","U":264200677,"u":264200690,"b":[["0.00303410","0.81000000"],["0.00303400","11.77000000"],["0.00303390","70.00000000"],["0.00303360","0.00000000"],["0.00303290","0.00000000"],["0.00303270","0.00000000"],["0.00303130","20.51000000"],["0.00301660","28.07000000"]],"a":[["0.00303630","5.60000000"],["0.00303640","8.02000000"],["0.00305550","25.16000000"],["0.00306160","2.29000000"]]},{"e":"depthUpdate","E":1557445976069,"s":"BNBBTC","U":264200691,"u":264200710,"b":[["0.00303430","0.81000000"],["0.00303420","11.77000000"],["0.00303410","3.73000000"],["0.00303400","23.54000000"],["0.00303380","0.00000000"],["0.00303310","0.00000000"],["0.00303030","20.00000000"],["0.00301010","23.25000000"],["0.00299060","4.52000000"],["0.00298590","3.48000000"]],"a":[["0.00303620","0.00000000"],["0.00303630","0.00000000"],["0.00303640","2.58000000"],["0.00303650","124.82000000"],["0.00303660","9.20000000"],["0.00304210","60.53000000"],["0.00305000","780.79000000"]]},{"e":"depthUpdate","E":1557445977070,"s":"BNBBTC","U":264200711,"u":264200721,"b":[["0.00303430","4.54000000"],["0.00303410","0.00000000"],["0.00303350","39.59000000"],["0.00303320","0.00000000"],["0.00303140","9.83000000"]],"a":[["0.00304200","22.99000000"],["0.00304580","0.00000000"],["0.00305240","25.46000000"],["0.00306390","39.94000000"]]},{"e":"depthUpdate","E":1557445978069,"s":"BNBBTC","U":264200722,"u":264200725,"b":[["0.00303350","0.00000000"],["0.00301530","2.11000000"],["0.00300610","11.73000000"]],"a":[["0.00325000","247.96000000"]]},{"e":"depthUpdate","E":1557445979069,"s":"BNBBTC","U":264200726,"u":264200741,"b":[["0.00303430","9.32000000"],["0.00303400","11.77000000"],["0.00303150","0.00000000"],["0.00303140","0.00000000"],["0.00303130","30.34000000"]],"a":[["0.00303630","38.28000000"],["0.00303640","10.37000000"],["0.00303650","119.23000000"],["0.00303660","1.18000000"]]},{"e":"depthUpdate","E":1557445980069,"s":"BNBBTC","U":264200742,"u":264200750,"b":[["0.00303440","0.00000000"],["0.00303420","0.00000000"],["0.00303400","0.00000000"],["0.00303140","1.04000000"]],"a":[["0.00303620","2.35000000"],["0.00303640","8.02000000"]]},{"e":"depthUpdate","E":1557445981069,"s":"BNBBTC","U":264200751,"u":264200770,"b":[["0.00303440","0.00000000"],["0.00303430","3.73000000"],["0.00303410","1.04000000"],["0.00303400","8.23000000"],["0.00303190","9.83000000"],["0.00303180","20.50000000"],["0.00303170","76.99000000"],["0.00303140","0.00000000"],["0.00303130","0.00000000"],["0.00302480","0.00000000"],["0.00300030","50.00000000"],["0.00299270","3.34000000"],["0.00298070","36.32000000"],["0.00297150","2.16000000"]],"a":[["0.00303910","34.85000000"],["0.00304030","7.49000000"]]},{"e":"depthUpdate","E":1557445982069,"s":"BNBBTC","U":264200771,"u":264200774,"b":[["0.00303410","0.00000000"],["0.00303200","1.04000000"],["0.00303100","0.00000000"],["0.00300820","0.00000000"]],"a":[]},{"e":"depthUpdate","E":1557445983069,"s":"BNBBTC","U":264200775,"u":264200777,"b":[["0.00303130","109.37000000"],["0.00303030","0.00000000"],["0.00302870","20.00000000"]],"a":[]},{"e":"depthUpdate","E":1557445984069,"s":"BNBBTC","U":264200778,"u":264200798,"b":[["0.00303450","9.27000000"],["0.00303440","79.18000000"],["0.00303410","0.00000000"],["0.00303400","0.00000000"],["0.00303230","9.83000000"],["0.00303220","20.50000000"],["0.00303210","121.16000000"],["0.00303200","0.00000000"],["0.00303190","0.00000000"],["0.00303180","0.00000000"],["0.00303110","0.00000000"],["0.00302870","0.00000000"],["0.00302720","82.71000000"],["0.00302510","0.00000000"]],"a":[["0.00303630","9.43000000"],["0.00303640","0.00000000"],["0.00303720","9.02000000"]]},{"e":"depthUpdate","E":1557445985069,"s":"BNBBTC","U":264200799,"u":264200815,"b":[["0.00303440","90.95000000"],["0.00303290","20.50000000"],["0.00303280","20.00000000"],["0.00303220","0.00000000"],["0.00302410","797.43000000"],["0.00301810","0.00000000"],["0.00301800","0.00000000"],["0.00300960","1.97000000"],["0.00299980","2.12000000"]],"a":[["0.00303620","0.00000000"],["0.00303630","2.35000000"],["0.00303640","8.23000000"],["0.00303910","14.85000000"],["0.00304080","21.36000000"],["0.00304110","78.66000000"],["0.00304350","0.00000000"]]},{"e":"depthUpdate","E":1557445986069,"s":"BNBBTC","U":264200816,"u":264200833,"b":[["0.00303480","0.00000000"],["0.00303470","8.23000000"],["0.00303460","11.77000000"],["0.00303450","3.39000000"],["0.00303120","0.00000000"],["0.00302730","65.12000000"],["0.00302000","332.00000000"],["0.00300330","6.69000000"],["0.00300020","0.00000000"],["0.00299570","6.34000000"]],"a":[["0.00303620","5.00000000"],["0.00303630","0.00000000"],["0.00303640","1.20000000"],["0.00303650","91.69000000"]]},{"e":"depthUpdate","E":1557445987069,"s":"BNBBTC","U":264200834,"u":264200841,"b":[["0.00302500","392.13000000"],["0.00302000","2.00000000"],["0.00300190","183.21000000"],["0.00300020","3.33000000"],["0.00299720","11.15000000"],["0.00299270","0.00000000"],["0.00298970","0.34000000"]],"a":[["0.00303620","55.00000000"]]},{"e":"depthUpdate","E":1557445988069,"s":"BNBBTC","U":264200842,"u":264200847,"b":[["0.00303440","11.77000000"],["0.00298470","0.00000000"]],"a":[["0.00303640","9.22000000"],["0.00303720","1.00000000"]]},{"e":"depthUpdate","E":1557445989069,"s":"BNBBTC","U":264200848,"u":264200861,"b":[["0.00303480","55.64000000"],["0.00303450","0.00000000"],["0.00303440","3.39000000"],["0.00303230","0.00000000"],["0.00303130","0.00000000"],["0.00302740","85.11000000"],["0.00302500","62.13000000"],["0.00302430","0.00000000"],["0.00299520","2.13000000"]],"a":[["0.00303640","1.20000000"],["0.00303790","8.02000000"],["0.00305200","0.00000000"]]},{"e":"depthUpdate","E":1557445990070,"s":"BNBBTC","U":264200862,"u":264200875,"b":[["0.00303480","126.26000000"],["0.00303460","0.00000000"],["0.00302750","105.03000000"],["0.00302710","0.00000000"],["0.00302600","0.00000000"]],"a":[["0.00304710","0.00000000"],["0.00305240","0.00000000"],["0.00305550","0.00000000"]]},{"e":"depthUpdate","E":1557445991069,"s":"BNBBTC","U":264200876,"u":264200889,"b":[["0.00303290","0.00000000"],["0.00303280","0.00000000"],["0.00303230","9.83000000"],["0.00303220","20.50000000"],["0.00303140","20.00000000"],["0.00303110","11.09000000"],["0.00302740","75.28000000"],["0.00302410","0.00000000"],["0.00301660","0.00000000"],["0.00301420","798.17000000"],["0.00300490","50.65000000"],["0.00300030","0.00000000"]],"a":[["0.00305370","27.73000000"],["0.00305690","25.16000000"]]},{"e":"depthUpdate","E":1557445992069,"s":"BNBBTC","U":264200890,"u":264200891,"b":[],"a":[["0.00304080","1.36000000"],["0.00305280","25.45000000"]]},{"e":"depthUpdate","E":1557445993069,"s":"BNBBTC","U":264200892,"u":264200893,"b":[["0.00300020","9.92000000"],["0.00298790","0.00000000"]],"a":[]},{"e":"depthUpdate","E":1557445994069,"s":"BNBBTC","U":264200894,"u":264200899,"b":[["0.00303480","90.51000000"],["0.00299250","2.15000000"]],"a":[["0.00303980","20.00000000"]]},{"e":"depthUpdate","E":1557445995069,"s":"BNBBTC","U":264200900,"u":264200900,"b":[["0.00299680","10.91000000"]],"a":[]},{"e":"depthUpdate","E":1557445996069,"s":"BNBBTC","U":264200901,"u":264200911,"b":[["0.00303500","100.81000000"],["0.00303480","0.00000000"],["0.00303230","0.00000000"],["0.00302770","9.83000000"],["0.00302760","64.98000000"],["0.00302500","0.00000000"],["0.00299090","0.00000000"]],"a":[["0.00308000","0.46000000"]]},{"e":"depthUpdate","E":1557445997069,"s":"BNBBTC","U":264200912,"u":264200926,"b":[["0.00303510","89.88000000"],["0.00303250","20.49000000"],["0.00303240","20.00000000"],["0.00303220","0.00000000"],["0.00303140","0.00000000"],["0.00300090","0.00000000"],["0.00299420","11.61000000"]],"a":[["0.00303790","0.00000000"],["0.00303970","8.02000000"],["0.00304100","119.35000000"],["0.00304800","17.47000000"],["0.00308150","0.61000000"]]},{"e":"depthUpdate","E":1557445998069,"s":"BNBBTC","U":264200927,"u":264200939,"b":[["0.00303510","159.88000000"],["0.00303440","0.00000000"],["0.00303390","0.00000000"],["0.00303260","9.83000000"],["0.00303250","23.88000000"],["0.00302780","0.00000000"],["0.00302770","0.00000000"],["0.00301020","3.33000000"],["0.00300190","0.00000000"],["0.00300020","193.24000000"]],"a":[["0.00304200","0.00000000"],["0.00304710","22.99000000"]]},{"e":"depthUpdate","E":1557445999069,"s":"BNBBTC","U":264200940,"u":264200940,"b":[["0.00303510","159.09000000"]],"a":[]},{"e":"depthUpdate","E":1557446000069,"s":"BNBBTC","U":264200941,"u":264200942,"b":[["0.00212060","0.00000000"]],"a":[]},{"e":"depthUpdate","E":1557446001069,"s":"BNBBTC","U":264200943,"u":264200945,"b":[["0.00303510","131.17000000"]],"a":[]},{"e":"depthUpdate","E":1557446002069,"s":"BNBBTC","U":264200946,"u":264200949,"b":[["0.00303510","70.00000000"],["0.00300560","1.16000000"],["0.00299620","0.00000000"]],"a":[]},{"e":"depthUpdate","E":1557446004070,"s":"BNBBTC","U":264200950,"u":264200966,"b":[["0.00303510","0.00000000"],["0.00303500","0.00000000"],["0.00303270","3.39000000"],["0.00303260","52.70000000"],["0.00303250","0.00000000"],["0.00302770","82.70000000"],["0.00302720","0.00000000"],["0.00297990","3.82000000"],["0.00297200","14.67000000"]],"a":[["0.00303500","368.06000000"],["0.00303610","8.02000000"],["0.00303620","125.00000000"],["0.00303970","0.00000000"],["0.00304720","0.00000000"],["0.00305280","0.00000000"]]},{"e":"depthUpdate","E":1557446005071,"s":"BNBBTC","U":264200967,"u":264201008,"b":[["0.00303470","0.00000000"],["0.00303430","0.00000000"],["0.00303270","8.23000000"],["0.00303260","0.00000000"],["0.00303240","0.00000000"],["0.00303220","0.00000000"],["0.00303210","0.00000000"],["0.00303170","0.00000000"],["0.00302980","0.00000000"],["0.00302970","0.00000000"],["0.00302800","38.21000000"],["0.00302790","82.75000000"],["0.00302780","200.97000000"],["0.00302770","52.70000000"],["0.00302760","64.98000000"],["0.00302750","23.01000000"],["0.00301020","1.36000000"]],"a":[["0.00303490","11.80000000"],["0.00303500","438.06000000"],["0.00303610","0.00000000"],["0.00303620","55.00000000"],["0.00303640","0.00000000"],["0.00304000","151.37000000"],["0.00305470","28.75000000"]]},{"e":"depthUpdate","E":1557446006072,"s":"BNBBTC","U":264201009,"u":264201034,"b":[["0.00303270","0.00000000"],["0.00303170","8.23000000"],["0.00302820","38.22000000"],["0.00302810","82.78000000"],["0.00302800","139.83000000"],["0.00302790","0.00000000"],["0.00302740","0.00000000"],["0.00302730","0.00000000"]],"a":[["0.00303470","11.80000000"],["0.00303480","27.82000000"],["0.00303490","156.51000000"],["0.00304210","0.00000000"],["0.00304370","13.18000000"],["0.00304810","0.00000000"],["0.00305370","0.00000000"]]},{"e":"depthUpdate","E":1557446007071,"s":"BNBBTC","U":264201035,"u":264201048,"b":[["0.00302460","81.80000000"],["0.00302030","28.03000000"]],"a":[["0.00303450","11.80000000"],["0.00303460","30.30000000"],["0.00303470","0.00000000"],["0.00303490","126.91000000"],["0.00303610","81.43000000"],["0.00303980","0.00000000"],["0.00304110","0.00000000"],["0.00304670","13.18000000"],["0.00304940","27.77000000"],["0.00305340","0.00000000"]]},{"e":"depthUpdate","E":1557446008072,"s":"BNBBTC","U":264201049,"u":264201057,"b":[["0.00302690","20.00000000"]],"a":[["0.00303430","11.80000000"],["0.00303440","27.91000000"],["0.00303450","0.00000000"],["0.00303460","0.00000000"],["0.00303720","21.00000000"],["0.00305290","1.77000000"]]},{"e":"depthUpdate","E":1557446009071,"s":"BNBBTC","U":264201058,"u":264201060,"b":[],"a":[["0.00303470","80.64000000"],["0.00304220","0.00000000"],["0.00304940","0.00000000"]]},{"e":"depthUpdate","E":1557446010071,"s":"BNBBTC","U":264201061,"u":264201065,"b":[["0.00303170","4.83000000"],["0.00303110","11.62000000"]],"a":[["0.00303480","0.00000000"],["0.00304840","27.77000000"],["0.00306390","0.00000000"]]},{"e":"depthUpdate","E":1557446011071,"s":"BNBBTC","U":264201066,"u":264201077,"b":[["0.00303000","1.00000000"],["0.00302790","23.01000000"],["0.00302750","0.00000000"],["0.00300490","0.65000000"],["0.00300030","50.00000000"]],"a":[["0.00303460","130.89000000"],["0.00303610","101.43000000"],["0.00303720","1.00000000"],["0.00303790","905.53000000"],["0.00304100","0.00000000"],["0.00304790","0.00000000"],["0.00306220","41.59000000"]]},{"e":"depthUpdate","E":1557446012071,"s":"BNBBTC","U":264201078,"u":264201083,"b":[["0.00303170","0.00000000"],["0.00303120","8.23000000"],["0.00303010","0.00000000"]],"a":[["0.00303650","110.17000000"],["0.00306220","0.00000000"]]},{"e":"depthUpdate","E":1557446013071,"s":"BNBBTC","U":264201084,"u":264201088,"b":[],"a":[["0.00303430","88.38000000"],["0.00303500","70.00000000"],["0.00304760","0.00000000"],["0.00304960","0.00000000"],["0.00306230","45.28000000"]]},{"e":"depthUpdate","E":1557446014071,"s":"BNBBTC","U":264201089,"u":264201095,"b":[["0.00303110","11.09000000"]],"a":[["0.00303410","11.80000000"],["0.00303420","61.51000000"],["0.00303430","76.58000000"],["0.00303490","63.39000000"]]},{"e":"depthUpdate","E":1557446015071,"s":"BNBBTC","U":264201096,"u":264201099,"b":[["0.00301360","2.14000000"],["0.00300680","0.00000000"]],"a":[["0.00303410","42.32000000"],["0.00303440","0.00000000"]]},{"e":"depthUpdate","E":1557446016071,"s":"BNBBTC","U":264201100,"u":264201118,"b":[["0.00302840","38.22000000"],["0.00302830","82.78000000"],["0.00302820","124.88000000"],["0.00302810","0.00000000"],["0.00302780","78.37000000"],["0.00294100","16.99000000"],["0.00293920","0.00000000"]],"a":[["0.00303390","11.80000000"],["0.00303400","27.82000000"],["0.00303410","30.52000000"],["0.00303500","90.00000000"],["0.00303610","81.43000000"]]},{"e":"depthUpdate","E":1557446017071,"s":"BNBBTC","U":264201119,"u":264201148,"b":[["0.00303160","0.00000000"],["0.00303130","0.00000000"],["0.00303120","0.00000000"],["0.00303110","0.00000000"],["0.00303000","0.00000000"],["0.00302840","0.00000000"],["0.00302830","0.00000000"],["0.00302820","0.00000000"],["0.00302810","5.00000000"],["0.00302800","0.00000000"],["0.00302770","0.00000000"],["0.00302460","134.50000000"]],"a":[["0.00302800","0.00000000"],["0.00303360","11.77000000"],["0.00303370","3.57000000"],["0.00303380","30.00000000"],["0.00303390","70.00000000"],["0.00303410","0.00000000"],["0.00303500","20.00000000"],["0.00304750","157.11000000"]]},{"e":"depthUpdate","E":1557446018071,"s":"BNBBTC","U":264201149,"u":264201221,"b":[["0.00302830","9.85000000"],["0.00302820","39.59000000"],["0.00302780","0.00000000"],["0.00302470","82.88000000"],["0.00302030","0.00000000"],["0.00301720","140.98000000"],["0.00301240","122.28000000"]],"a":[["0.00303230","3.40000000"],["0.00303240","7.88000000"],["0.00303250","0.00000000"],["0.00303260","0.00000000"],["0.00303270","0.00000000"],["0.00303280","0.00000000"],["0.00303290","0.00000000"],["0.00303300","28.55000000"],["0.00303310","287.83000000"],["0.00303320","0.00000000"],["0.00303330","0.00000000"],["0.00303340","0.00000000"],["0.00303350","27.91000000"],["0.00303370","0.00000000"],["0.00303380","0.00000000"],["0.00303500","0.00000000"],["0.00303630","20.00000000"]]},{"e":"depthUpdate","E":1557446019071,"s":"BNBBTC","U":264201222,"u":264201238,"b":[["0.00302790","0.00000000"],["0.00302690","72.70000000"],["0.00302490","82.87000000"],["0.00302480","99.77000000"],["0.00302470","0.00000000"],["0.00302460","81.80000000"]],"a":[["0.00303210","3.40000000"],["0.00303220","36.43000000"],["0.00303230","70.00000000"],["0.00303240","0.00000000"],["0.00303300","0.00000000"],["0.00303390","0.00000000"],["0.00303600","22.99000000"],["0.00304710","0.00000000"]]},{"e":"depthUpdate","E":1557446020071,"s":"BNBBTC","U":264201239,"u":264201242,"b":[["0.00300040","183.30000000"],["0.00300020","9.92000000"],["0.00299180","0.00000000"]],"a":[["0.00303400","0.00000000"]]},{"e":"depthUpdate","E":1557446021071,"s":"BNBBTC","U":264201243,"u":264201256,"b":[["0.00303190","0.00000000"],["0.00302850","0.00000000"],["0.00302840","3.29000000"],["0.00302510","82.87000000"],["0.00302500","68.53000000"],["0.00302490","0.00000000"],["0.00301300","28.09000000"],["0.00299850","68.71000000"]],"a":[["0.00303210","0.11000000"]]},{"e":"depthUpdate","E":1557446022071,"s":"BNBBTC","U":264201257,"u":264201291,"b":[["0.00302860","0.00000000"],["0.00302850","0.00000000"],["0.00302840","34.16000000"],["0.00302830","0.00000000"],["0.00302820","0.00000000"],["0.00302690","20.00000000"],["0.00302510","0.00000000"],["0.00302500","0.00000000"],["0.00302490","82.87000000"],["0.00301300","0.00000000"]],"a":[["0.00303190","3.40000000"],["0.00303200","7.88000000"],["0.00303210","0.00000000"],["0.00303220","38.40000000"],["0.00303310","252.52000000"],["0.00303350","0.00000000"],["0.00303360","0.00000000"],["0.00303470","0.00000000"],["0.00304090","13.19000000"],["0.00307170","1.96000000"]]},{"e":"depthUpdate","E":1557446023071,"s":"BNBBTC","U":264201292,"u":264201337,"b":[["0.00302840","0.00000000"],["0.00302690","54.16000000"],["0.00302490","82.88000000"],["0.00302470","0.00000000"]],"a":[["0.00303170","3.40000000"],["0.00303180","36.43000000"],["0.00303190","0.00000000"],["0.00303200","0.00000000"],["0.00303210","0.00000000"],["0.00303220","9.85000000"],["0.00303310","0.00000000"],["0.00303620","130.17000000"],["0.00306860","1.78000000"],["0.00309020","0.00000000"]]},{"e":"depthUpdate","E":1557446024071,"s":"BNBBTC","U":264201338,"u":264201356,"b":[["0.00302810","0.00000000"],["0.00302460","404.64000000"]],"a":[["0.00303170","11.64000000"],["0.00303180","28.55000000"],["0.00303220","9.85000000"],["0.00303410","79.52000000"],["0.00303470","20.00000000"],["0.00303610","0.00000000"],["0.00303630","0.00000000"],["0.00308700","1.79000000"]]},{"e":"depthUpdate","E":1557446025071,"s":"BNBBTC","U":264201357,"u":264201374,"b":[["0.00302760","0.00000000"],["0.00302710","98.95000000"],["0.00302700","0.00000000"]],"a":[["0.00303160","3.40000000"],["0.00303170","36.79000000"],["0.00303180","0.00000000"],["0.00303220","9.85000000"],["0.00304050","13.19000000"]]},{"e":"depthUpdate","E":1557446026072,"s":"BNBBTC","U":264201375,"u":264201424,"b":[["0.00302770","17.14000000"],["0.00302760","2832.75000000"],["0.00302750","0.00000000"],["0.00302740","0.00000000"],["0.00302730","35.31000000"],["0.00302720","0.00000000"],["0.00302710","39.59000000"],["0.00302470","240.02000000"],["0.00302460","81.80000000"],["0.00301430","89.20000000"]],"a":[["0.00303120","0.00000000"],["0.00303130","0.00000000"],["0.00303140","0.00000000"],["0.00303150","0.00000000"],["0.00303160","4.36000000"],["0.00303170","0.00000000"],["0.00303220","0.00000000"],["0.00303400","28.55000000"]]},{"e":"depthUpdate","E":1557446027073,"s":"BNBBTC","U":264201425,"u":264201463,"b":[["0.00302800","3.40000000"],["0.00302790","13.73000000"],["0.00302780","38.82000000"],["0.00302770","4.36000000"],["0.00302490","82.88000000"],["0.00302470","0.00000000"]],"a":[["0.00303150","32.91000000"],["0.00303160","70.00000000"],["0.00303210","0.00000000"],["0.00303220","192.35000000"],["0.00303230","0.00000000"],["0.00303390","0.00000000"],["0.00303400","0.00000000"],["0.00303420","0.00000000"],["0.00303460","0.00000000"]]},{"e":"depthUpdate","E":1557446028074,"s":"BNBBTC","U":264201464,"u":264201501,"b":[["0.00302890","0.00000000"],["0.00302880","5.49000000"],["0.00302870","16.48000000"],["0.00302860","0.00000000"],["0.00302850","0.00000000"],["0.00302840","0.00000000"],["0.00302830","0.00000000"],["0.00302820","3.40000000"],["0.00302810","3.84000000"],["0.00302800","34.16000000"],["0.00302790","0.00000000"],["0.00302690","20.00000000"]],"a":[]},{"e":"depthUpdate","E":1557446029073,"s":"BNBBTC","U":264201502,"u":264201516,"b":[["0.00302880","0.00000000"],["0.00302870","0.00000000"],["0.00302840","5.79000000"],["0.00302830","8.24000000"],["0.00302820","0.00000000"],["0.00302810","3.84000000"],["0.00302710","0.00000000"],["0.00301030","16.07000000"]],"a":[["0.00303150","36.01000000"],["0.00303220","127.95000000"]]},{"e":"depthUpdate","E":1557446030073,"s":"BNBBTC","U":264201517,"u":264201527,"b":[["0.00302870","5.79000000"],["0.00302860","8.24000000"],["0.00302850","51.36000000"],["0.00302840","0.00000000"],["0.00302830","0.00000000"],["0.00302730","23.54000000"],["0.00300740","0.00000000"]],"a":[["0.00303400","64.50000000"]]},{"e":"depthUpdate","E":1557446031073,"s":"BNBBTC","U":264201528,"u":264201547,"b":[["0.00302890","14.03000000"],["0.00302880","47.08000000"],["0.00302870","0.00000000"],["0.00302860","0.00000000"],["0.00302780","0.00000000"],["0.00302770","0.00000000"],["0.00302730","0.00000000"],["0.00300490","50.65000000"],["0.00300040","0.00000000"],["0.00300030","0.00000000"],["0.00299430","183.68000000"]],"a":[]},{"e":"depthUpdate","E":1557446032073,"s":"BNBBTC","U":264201548,"u":264201560,"b":[["0.00302920","1.54000000"],["0.00302890","14.03000000"],["0.00297950","81.16000000"]],"a":[["0.00303150","0.00000000"],["0.00303160","0.00000000"],["0.00303210","34.47000000"],["0.00303390","0.00000000"],["0.00303400","134.50000000"]]},{"e":"depthUpdate","E":1557446033074,"s":"BNBBTC","U":264201561,"u":264201580,"b":[["0.00302940","5.79000000"],["0.00302930","9.80000000"],["0.00302920","35.70000000"],["0.00302890","0.00000000"],["0.00302800","0.00000000"],["0.00301730","798.17000000"],["0.00301420","0.00000000"],["0.00298280","1.00000000"]],"a":[["0.00303210","0.00000000"],["0.00303220","0.00000000"],["0.00303390","34.47000000"],["0.00303790","0.00000000"],["0.00304740","905.29000000"],["0.00304750","0.00000000"]]},{"e":"depthUpdate","E":1557446034075,"s":"BNBBTC","U":264201581,"u":264201595,"b":[["0.00302850","0.00000000"]],"a":[["0.00303370","34.47000000"],["0.00303380","28.71000000"],["0.00303390","0.00000000"],["0.00303410","0.00000000"],["0.00303470","0.00000000"],["0.00303610","119.16000000"],["0.00303640","20.00000000"],["0.00304050","0.00000000"],["0.00304090","0.00000000"],["0.00336150","0.00000000"],["0.00349680","20.00000000"]]},{"e":"depthUpdate","E":1557446035076,"s":"BNBBTC","U":264201596,"u":264201617,"b":[["0.00302980","3.40000000"],["0.00302970","2.00000000"],["0.00302960","8.24000000"],["0.00302950","11.77000000"],["0.00302940","0.00000000"],["0.00302930","0.00000000"],["0.00302890","0.00000000"],["0.00302880","23.54000000"],["0.00302780","1.55000000"],["0.00302770","82.83000000"],["0.00302490","0.00000000"]],"a":[["0.00303370","34.86000000"],["0.00303990","76.87000000"],["0.00350330","0.00000000"]]},{"e":"depthUpdate","E":1557446036076,"s":"BNBBTC","U":264201618,"u":264201622,"b":[["0.00302880","0.00000000"],["0.00299410","0.66000000"],["0.00299060","3.86000000"]],"a":[["0.00355210","1.50000000"]]},{"e":"depthUpdate","E":1557446038076,"s":"BNBBTC","U":264201623,"u":264201633,"b":[["0.00303010","5.40000000"],["0.00303000","8.24000000"],["0.00302990","39.59000000"],["0.00302980","0.00000000"],["0.00302970","0.00000000"],["0.00302960","0.00000000"],["0.00298590","2.18000000"]],"a":[["0.00304370","0.00000000"],["0.00304670","156.64000000"]]},{"e":"depthUpdate","E":1557446039076,"s":"BNBBTC","U":264201634,"u":264201669,"b":[["0.00303070","3.40000000"],["0.00303060","2.00000000"],["0.00303050","8.24000000"],["0.00303040","11.77000000"],["0.00303030","4.00000000"],["0.00303010","0.00000000"],["0.00303000","0.00000000"],["0.00302950","0.00000000"],["0.00302920","34.16000000"],["0.00302840","3.91000000"],["0.00302830","82.81000000"],["0.00302820","606.31000000"],["0.00302800","0.00000000"],["0.00302790","0.00000000"],["0.00302780","211.08000000"],["0.00302770","0.00000000"],["0.00302480","23.01000000"],["0.00301240","0.00000000"]],"a":[["0.00303370","0.00000000"],["0.00303380","0.00000000"],["0.00303390","32.50000000"],["0.00303400","64.50000000"],["0.00303610","189.16000000"],["0.00303990","982.16000000"],["0.00304740","0.00000000"],["0.00306990","0.00000000"]]},{"e":"depthUpdate","E":1557446040077,"s":"BNBBTC","U":264201670,"u":264201722,"b":[["0.00303120","0.00000000"],["0.00303110","0.00000000"],["0.00303100","0.00000000"],["0.00303090","8.24000000"],["0.00303080","7.03000000"],["0.00303070","4.39000000"],["0.00303060","0.00000000"],["0.00303050","0.00000000"],["0.00303030","0.00000000"],["0.00303010","2.34000000"],["0.00303000","3.89000000"],["0.00302920","0.00000000"],["0.00302850","0.00000000"],["0.00302840","0.00000000"],["0.00302830","0.00000000"]],"a":[["0.00303340","9.30000000"],["0.00303350","0.00000000"],["0.00303360","0.00000000"],["0.00303370","0.00000000"],["0.00303380","9.84000000"],["0.00303390","94.65000000"],["0.00303400","92.56000000"],["0.00303610","119.16000000"],["0.00304270","13.18000000"],["0.00308700","0.00000000"],["0.00308860","1.80000000"]]},{"e":"depthUpdate","E":1557446041077,"s":"BNBBTC","U":264201723,"u":264201756,"b":[["0.00303120","0.00000000"],["0.00303110","8.24000000"],["0.00303100","7.03000000"],["0.00303090","0.00000000"],["0.00303080","0.00000000"],["0.00303010","2.34000000"],["0.00303000","3.89000000"],["0.00302690","0.00000000"],["0.00302590","20.00000000"],["0.00300490","0.65000000"],["0.00299440","50.96000000"]],"a":[["0.00303310","0.00000000"],["0.00303320","8.24000000"],["0.00303330","0.00000000"],["0.00303340","0.00000000"],["0.00303370","1.06000000"],["0.00303380","9.84000000"],["0.00304540","13.18000000"],["0.00351960","0.38000000"]]},{"e":"depthUpdate","E":1557446042077,"s":"BNBBTC","U":264201757,"u":264201793,"b":[["0.00303130","8.24000000"],["0.00303120","7.02000000"],["0.00303110","0.00000000"],["0.00303100","0.00000000"],["0.00303050","2.34000000"],["0.00303010","0.00000000"],["0.00303000","0.00000000"],["0.00302990","0.00000000"],["0.00302830","3.89000000"],["0.00302600","23.01000000"],["0.00302480","0.00000000"],["0.00299670","185.67000000"],["0.00299430","0.00000000"]],"a":[["0.00303310","1.06000000"],["0.00303320","16.48000000"],["0.00303330","0.00000000"],["0.00303340","0.00000000"],["0.00303350","0.00000000"],["0.00303360","0.00000000"],["0.00303370","0.00000000"],["0.00303380","34.49000000"],["0.00303390","70.00000000"],["0.00334640","0.38000000"],["0.00346180","300.97000000"]]},{"e":"depthUpdate","E":1557446043077,"s":"BNBBTC","U":264201794,"u":264201802,"b":[["0.00303140","6.02000000"],["0.00303120","0.00000000"],["0.00303050","0.00000000"],["0.00303040","0.00000000"],["0.00302840","2.34000000"],["0.00300330","0.00000000"],["0.00300020","6.59000000"],["0.00299720","1.10000000"]],"a":[]},{"e":"depthUpdate","E":1557446044078,"s":"BNBBTC","U":264201803,"u":264201818,"b":[["0.00302780","79.75000000"],["0.00300050","6.70000000"],["0.00299750","3.34000000"],["0.00299440","61.02000000"]],"a":[["0.00303310","0.00000000"],["0.00303320","0.00000000"],["0.00303340","1.06000000"],["0.00303350","8.24000000"],["0.00303360","0.00000000"],["0.00303370","9.84000000"],["0.00303380","24.65000000"]]},{"e":"depthUpdate","E":1557446045079,"s":"BNBBTC","U":264201819,"u":264201828,"b":[["0.00303130","0.00000000"],["0.00303080","8.24000000"],["0.00302830","86.34000000"],["0.00302460","0.00000000"],["0.00302180","125.79000000"]],"a":[["0.00303350","42.73000000"],["0.00303360","50.00000000"],["0.00303370","0.00000000"],["0.00303380","0.00000000"]]},{"e":"depthUpdate","E":1557446046079,"s":"BNBBTC","U":264201829,"u":264201838,"b":[["0.00303140","0.00000000"],["0.00303100","2.34000000"],["0.00303090","6.29000000"],["0.00302840","0.00000000"],["0.00299680","61.00000000"],["0.00299440","10.93000000"],["0.00250000","8879.97000000"]],"a":[["0.00303490","88.39000000"],["0.00304670","0.00000000"],["0.00313680","0.00000000"]]},{"e":"depthUpdate","E":1557446047079,"s":"BNBBTC","U":264201839,"u":264201847,"b":[["0.00303110","0.00000000"],["0.00303100","0.00000000"],["0.00303090","0.00000000"],["0.00303080","0.00000000"],["0.00303070","0.00000000"],["0.00302840","10.58000000"],["0.00302190","797.56000000"],["0.00301730","0.00000000"]],"a":[]},{"e":"depthUpdate","E":1557446048079,"s":"BNBBTC","U":264201848,"u":264201899,"b":[["0.00302910","2.34000000"],["0.00302900","20.39000000"],["0.00302890","39.59000000"],["0.00302880","0.00000000"],["0.00302870","4.20000000"],["0.00302840","0.00000000"],["0.00302830","82.45000000"],["0.00302780","0.00000000"]],"a":[["0.00303260","1.06000000"],["0.00303270","18.08000000"],["0.00303280","0.00000000"],["0.00303290","0.00000000"],["0.00303300","0.00000000"],["0.00303310","0.00000000"],["0.00303320","0.00000000"],["0.00303330","24.65000000"],["0.00303340","77.68000000"],["0.00303350","95.30000000"],["0.00303400","0.00000000"],["0.00303430","0.00000000"],["0.00303480","22.99000000"],["0.00303600","0.00000000"]]},{"e":"depthUpdate","E":1557446049079,"s":"BNBBTC","U":264201900,"u":264201917,"b":[["0.00302940","2.34000000"],["0.00302930","4.20000000"],["0.00302910","0.00000000"],["0.00302870","0.00000000"],["0.00302410","79.01000000"],["0.00299170","1.66000000"],["0.00298650","0.00000000"]],"a":[["0.00303260","8.24000000"],["0.00303270","0.00000000"],["0.00303310","1.06000000"],["0.00303320","0.00000000"],["0.00303600","294.94000000"],["0.00304140","13.19000000"],["0.00304590","169.41000000"],["0.00307280","13.60000000"]]},{"e":"depthUpdate","E":1557446050079,"s":"BNBBTC","U":264201918,"u":264201967,"b":[["0.00302970","0.00000000"],["0.00302960","4.20000000"],["0.00302940","0.00000000"],["0.00302930","0.00000000"],["0.00302910","2.34000000"],["0.00302900","16.48000000"],["0.00294970","175.61000000"],["0.00294030","0.45000000"]],"a":[["0.00303200","8.24000000"],["0.00303210","0.00000000"],["0.00303220","0.00000000"],["0.00303230","0.00000000"],["0.00303240","34.49000000"],["0.00303250","29.03000000"],["0.00303260","70.00000000"],["0.00303310","0.00000000"],["0.00303320","0.00000000"],["0.00303330","125.04000000"],["0.00303350","65.98000000"],["0.00303390","0.00000000"],["0.00303430","20.00000000"],["0.00303610","0.00000000"],["0.00303640","0.00000000"],["0.00306890","0.00000000"]]},{"e":"depthUpdate","E":1557446051080,"s":"BNBBTC","U":264201968,"u":264201994,"b":[["0.00302960","0.00000000"],["0.00302930","2.34000000"],["0.00302920","4.92000000"],["0.00302910","0.00000000"]],"a":[["0.00303150","1.06000000"],["0.00303160","8.24000000"],["0.00303170","0.00000000"],["0.00303180","9.84000000"],["0.00303190","28.99000000"],["0.00303200","0.00000000"],["0.00303240","0.00000000"],["0.00303250","24.65000000"]]},{"e":"depthUpdate","E":1557446052081,"s":"BNBBTC","U":264201995,"u":264202024,"b":[["0.00302950","3.40000000"],["0.00302940","4.92000000"],["0.00302930","0.00000000"],["0.00302920","0.00000000"],["0.00302890","0.00000000"],["0.00302830","0.00000000"],["0.00302460","82.81000000"]],"a":[["0.00303130","0.00000000"],["0.00303140","5.82000000"],["0.00303150","70.00000000"],["0.00303160","28.04000000"],["0.00303180","0.00000000"],["0.00303190","0.00000000"],["0.00303250","0.00000000"],["0.00303260","0.00000000"],["0.00303320","24.65000000"],["0.00303490","383.33000000"],["0.00311870","0.00000000"],["0.00313720","0.37000000"]]},{"e":"depthUpdate","E":1557446053080,"s":"BNBBTC","U":264202025,"u":264202041,"b":[["0.00302960","3.80000000"],["0.00302950","0.00000000"],["0.00302940","0.00000000"],["0.00302910","0.00000000"],["0.00302900","0.00000000"],["0.00302830","8.24000000"],["0.00302480","82.81000000"],["0.00302470","75.80000000"],["0.00302460","0.00000000"],["0.00302190","0.00000000"],["0.00301730","798.14000000"],["0.00299690","184.52000000"],["0.00299670","2.14000000"]],"a":[["0.00312000","119.42000000"],["0.00314120","0.00000000"]]},{"e":"depthUpdate","E":1557446054080,"s":"BNBBTC","U":264202042,"u":264202075,"b":[["0.00302960","0.00000000"],["0.00302900","3.40000000"],["0.00302890","8.24000000"],["0.00302880","23.54000000"],["0.00302870","0.00000000"],["0.00302860","0.00000000"],["0.00302850","3.80000000"],["0.00302840","0.00000000"],["0.00302830","0.00000000"],["0.00302770","4.36000000"],["0.00302100","10.00000000"]],"a":[["0.00303130","0.00000000"],["0.00303140","24.65000000"],["0.00303150","70.00000000"],["0.00303320","0.00000000"]]},{"e":"depthUpdate","E":1557446055080,"s":"BNBBTC","U":264202076,"u":264202083,"b":[["0.00302920","3.40000000"],["0.00302910","4.20000000"],["0.00302900","0.00000000"],["0.00302850","0.00000000"],["0.00299680","52.22000000"]],"a":[["0.00303330","145.04000000"],["0.00303430","0.00000000"],["0.00308860","0.00000000"]]},{"e":"depthUpdate","E":1557446056080,"s":"BNBBTC","U":264202084,"u":264202092,"b":[["0.00302930","4.20000000"],["0.00302920","0.00000000"],["0.00302910","0.00000000"],["0.00302900","3.40000000"],["0.00301610","28.07000000"],["0.00299120","9.28000000"]],"a":[["0.00303150","75.00000000"],["0.00308000","0.00000000"],["0.00308620","1.79000000"]]},{"e":"depthUpdate","E":1557446057080,"s":"BNBBTC","U":264202093,"u":264202094,"b":[["0.00299420","0.00000000"]],"a":[["0.00308150","0.00000000"]]},{"e":"depthUpdate","E":1557446058080,"s":"BNBBTC","U":264202095,"u":264202100,"b":[["0.00302880","0.00000000"],["0.00302770","0.00000000"],["0.00298720","12.86000000"]],"a":[["0.00303140","22.65000000"],["0.00304520","0.65000000"]]},{"e":"depthUpdate","E":1557446059080,"s":"BNBBTC","U":264202101,"u":264202112,"b":[["0.00302950","8.24000000"],["0.00302940","11.77000000"],["0.00302900","0.00000000"],["0.00302890","0.00000000"],["0.00302840","3.40000000"],["0.00302830","9.84000000"],["0.00301900","332.00000000"]],"a":[["0.00303160","0.00000000"],["0.00303490","88.39000000"],["0.00304500","128.19000000"]]},{"e":"depthUpdate","E":1557446060080,"s":"BNBBTC","U":264202113,"u":264202120,"b":[["0.00302980","3.40000000"],["0.00302970","23.54000000"],["0.00302960","12.83000000"],["0.00302930","0.00000000"],["0.00302840","0.00000000"]],"a":[["0.00303140","0.00000000"],["0.00303320","22.65000000"]]},{"e":"depthUpdate","E":1557446061080,"s":"BNBBTC","U":264202121,"u":264202122,"b":[["0.00302990","12.83000000"],["0.00302960","0.00000000"]],"a":[]},{"e":"depthUpdate","E":1557446062080,"s":"BNBBTC","U":264202123,"u":264202124,"b":[],"a":[["0.00303150","73.51000000"],["0.00356000","20.65000000"]]},{"e":"depthUpdate","E":1557446063080,"s":"BNBBTC","U":264202125,"u":264202132,"b":[["0.00302980","0.00000000"],["0.00302940","0.00000000"],["0.00302450","0.00000000"],["0.00302400","0.00000000"],["0.00301900","2.00000000"],["0.00301500","343.79000000"]],"a":[["0.00303140","30.09000000"],["0.00309000","345.44000000"]]},{"e":"depthUpdate","E":1557446064080,"s":"BNBBTC","U":264202133,"u":264202138,"b":[["0.00302970","0.00000000"],["0.00302600","0.00000000"],["0.00302190","23.01000000"]],"a":[["0.00303130","22.65000000"],["0.00303320","0.00000000"]]},{"e":"depthUpdate","E":1557446065080,"s":"BNBBTC","U":264202139,"u":264202149,"b":[["0.00302960","0.00000000"]],"a":[["0.00303120","3.65000000"],["0.00303130","0.00000000"],["0.00303140","0.00000000"],["0.00303310","22.65000000"],["0.00303320","63.08000000"],["0.00303490","319.93000000"]]},{"e":"depthUpdate","E":1557446066080,"s":"BNBBTC","U":264202150,"u":264202157,"b":[["0.00302990","0.00000000"],["0.00302950","29.58000000"],["0.00302840","3.40000000"],["0.00298980","1.30000000"]],"a":[["0.00303290","22.65000000"],["0.00303300","61.41000000"],["0.00303310","0.00000000"],["0.00303350","0.00000000"]]},{"e":"depthUpdate","E":1557446067080,"s":"BNBBTC","U":264202158,"u":264202185,"b":[["0.00302950","0.00000000"],["0.00302900","3.40000000"],["0.00302890","8.24000000"],["0.00302880","0.00000000"],["0.00302870","0.00000000"],["0.00302860","35.31000000"],["0.00302850","0.00000000"],["0.00302840","0.00000000"],["0.00302830","0.00000000"],["0.00301500","13.79000000"],["0.00301400","330.00000000"]],"a":[["0.00303290","0.00000000"],["0.00303310","22.65000000"],["0.00303490","25.00000000"]]},{"e":"depthUpdate","E":1557446068080,"s":"BNBBTC","U":264202186,"u":264202196,"b":[["0.00302930","3.40000000"],["0.00302920","8.24000000"],["0.00302910","28.82000000"],["0.00302900","0.00000000"],["0.00302890","0.00000000"],["0.00302590","0.00000000"],["0.00302490","20.00000000"]],"a":[["0.00303290","22.65000000"],["0.00303310","0.00000000"],["0.00303590","79.21000000"],["0.00303990","905.29000000"]]},{"e":"depthUpdate","E":1557446069080,"s":"BNBBTC","U":264202197,"u":264202198,"b":[["0.00302760","0.00000000"]],"a":[["0.00438530","0.00000000"]]},{"e":"depthUpdate","E":1557446070081,"s":"BNBBTC","U":264202199,"u":264202216,"b":[["0.00302930","0.00000000"],["0.00302510","82.82000000"],["0.00302500","408.01000000"],["0.00302480","0.00000000"],["0.00302410","0.00000000"],["0.00302180","0.00000000"],["0.00301720","0.00000000"],["0.00301430","24.59000000"]],"a":[["0.00303120","6.91000000"],["0.00303470","294.88000000"],["0.00304840","0.00000000"],["0.00306230","1.32000000"]]},{"e":"depthUpdate","E":1557446071081,"s":"BNBBTC","U":264202217,"u":264202229,"b":[["0.00302860","0.00000000"],["0.00302830","9.85000000"],["0.00302810","23.84000000"],["0.00302530","82.82000000"],["0.00302520","119.72000000"],["0.00302510","0.00000000"],["0.00302500","287.43000000"],["0.00301730","0.00000000"],["0.00301420","798.17000000"],["0.00295540","0.00000000"]],"a":[["0.00304540","40.97000000"]]},{"e":"depthUpdate","E":1557446072080,"s":"BNBBTC","U":264202230,"u":264202231,"b":[],"a":[["0.00304500","100.00000000"],["0.00305940","47.16000000"]]},{"e":"depthUpdate","E":1557446073080,"s":"BNBBTC","U":264202232,"u":264202238,"b":[["0.00302910","0.00000000"],["0.00302550","82.82000000"],["0.00302540","128.62000000"],["0.00302530","0.00000000"],["0.00302520","0.00000000"]],"a":[["0.00303290","0.00000000"],["0.00303310","22.65000000"]]},{"e":"depthUpdate","E":1557446074081,"s":"BNBBTC","U":264202239,"u":264202244,"b":[],"a":[["0.00303140","22.65000000"],["0.00303290","199.91000000"],["0.00303310","0.00000000"],["0.00303330","20.00000000"],["0.00303620","55.00000000"]]},{"e":"depthUpdate","E":1557446075081,"s":"BNBBTC","U":264202245,"u":264202252,"b":[["0.00302920","0.00000000"],["0.00302860","8.24000000"],["0.00302850","9.85000000"],["0.00302840","0.00000000"],["0.00302830","0.00000000"],["0.00299690","1.00000000"],["0.00299510","183.63000000"]],"a":[]},{"e":"depthUpdate","E":1557446076080,"s":"BNBBTC","U":264202253,"u":264202259,"b":[["0.00302880","3.12000000"],["0.00302870","14.53000000"],["0.00302860","0.00000000"],["0.00302850","0.00000000"]],"a":[["0.00303110","2.70000000"],["0.00305940","0.00000000"]]},{"e":"depthUpdate","E":1557446077080,"s":"BNBBTC","U":264202260,"u":264202267,"b":[],"a":[["0.00303090","5.96000000"],["0.00303100","8.04000000"],["0.00303110","0.00000000"],["0.00303120","0.00000000"]]},{"e":"depthUpdate","E":1557446078080,"s":"BNBBTC","U":264202268,"u":264202281,"b":[["0.00302890","8.24000000"],["0.00302880","0.00000000"],["0.00302830","0.00000000"]],"a":[["0.00303070","8.66000000"],["0.00303080","8.04000000"],["0.00303090","0.00000000"],["0.00303100","0.00000000"],["0.00305890","46.04000000"]]},{"e":"depthUpdate","E":1557446079080,"s":"BNBBTC","U":264202282,"u":264202307,"b":[["0.00302890","0.00000000"],["0.00302880","8.24000000"],["0.00302570","82.83000000"],["0.00302560","120.12000000"],["0.00302550","0.00000000"],["0.00302540","0.00000000"]],"a":[["0.00303060","8.03000000"],["0.00303070","5.40000000"],["0.00303080","0.00000000"],["0.00303130","3.26000000"],["0.00303790","905.53000000"],["0.00303990","0.00000000"]]},{"e":"depthUpdate","E":1557446080080,"s":"BNBBTC","U":264202308,"u":264202329,"b":[],"a":[["0.00303060","8.03000000"],["0.00303130","3.26000000"],["0.00303940","13.19000000"],["0.00305000","452.93000000"]]},{"e":"depthUpdate","E":1557446081080,"s":"BNBBTC","U":264202330,"u":264202350,"b":[],"a":[["0.00303060","8.03000000"],["0.00303130","3.26000000"],["0.00303470","0.00000000"]]},{"e":"depthUpdate","E":1557446082080,"s":"BNBBTC","U":264202351,"u":264202369,"b":[],"a":[["0.00303060","8.03000000"],["0.00303130","0.00000000"],["0.00303480","317.87000000"],["0.00304100","28.19000000"]]},{"e":"depthUpdate","E":1557446083081,"s":"BNBBTC","U":264202370,"u":264202391,"b":[],"a":[["0.00303060","8.03000000"],["0.00303130","3.26000000"],["0.00304500","0.00000000"],["0.00345850","3.16000000"]]},{"e":"depthUpdate","E":1557446084080,"s":"BNBBTC","U":264202392,"u":264202416,"b":[["0.00302880","0.00000000"],["0.00302870","0.00000000"],["0.00302830","38.13000000"],["0.00302820","529.08000000"],["0.00302580","81.35000000"],["0.00302570","0.00000000"],["0.00302500","205.95000000"],["0.00301700","330.00000000"],["0.00301400","0.00000000"]],"a":[["0.00302880","2.90000000"],["0.00303050","8.66000000"],["0.00303060","8.03000000"],["0.00303070","0.00000000"],["0.00303130","0.00000000"],["0.00304400","100.00000000"]]},{"e":"depthUpdate","E":1557446085080,"s":"BNBBTC","U":264202417,"u":264202426,"b":[["0.00302190","0.00000000"],["0.00301830","23.01000000"],["0.00301720","798.17000000"],["0.00301420","0.00000000"],["0.00298750","0.00000000"],["0.00298000","737.38000000"]],"a":[["0.00303140","0.00000000"],["0.00303270","22.65000000"],["0.00303280","64.73000000"],["0.00303300","0.00000000"]]},{"e":"depthUpdate","E":1557446086080,"s":"BNBBTC","U":264202427,"u":264202429,"b":[["0.00301260","0.00000000"],["0.00299510","0.00000000"],["0.00299360","183.72000000"]],"a":[]},{"e":"depthUpdate","E":1557446088080,"s":"BNBBTC","U":264202430,"u":264202435,"b":[],"a":[["0.00303760","0.00000000"],["0.00303940","0.00000000"],["0.00304140","0.00000000"],["0.00304270","0.00000000"],["0.00310000","355.42000000"]]},{"e":"depthUpdate","E":1557446089080,"s":"BNBBTC","U":264202436,"u":264202437,"b":[["0.00302840","5.61000000"]],"a":[["0.00304080","14.56000000"]]},{"e":"depthUpdate","E":1557446090080,"s":"BNBBTC","U":264202438,"u":264202448,"b":[["0.00302860","8.25000000"],["0.00302850","28.35000000"],["0.00302830","0.00000000"],["0.00302790","0.00000000"],["0.00302490","0.00000000"]],"a":[["0.00302880","0.00000000"],["0.00303060","6.18000000"],["0.00303760","13.20000000"]]},{"e":"depthUpdate","E":1557446091081,"s":"BNBBTC","U":264202449,"u":264202456,"b":[["0.00302870","29.20000000"],["0.00302850","0.00000000"],["0.00302590","123.88000000"],["0.00302560","0.00000000"],["0.00301830","0.00000000"]],"a":[["0.00303480","294.88000000"],["0.00303760","0.00000000"],["0.00304250","19.19000000"]]},{"e":"depthUpdate","E":1557446092080,"s":"BNBBTC","U":264202457,"u":264202457,"b":[["0.00302400","20.00000000"]],"a":[]},{"e":"depthUpdate","E":1557446093080,"s":"BNBBTC","U":264202458,"u":264202460,"b":[["0.00301190","2.08000000"],["0.00300950","1.60000000"]],"a":[["0.00303330","0.00000000"]]},{"e":"depthUpdate","E":1557446094080,"s":"BNBBTC","U":264202461,"u":264202469,"b":[["0.00302870","25.37000000"],["0.00302600","5.91000000"]],"a":[["0.00303050","121.67000000"],["0.00303150","5.00000000"],["0.00303200","22.65000000"],["0.00303210","20.00000000"],["0.00303270","0.00000000"],["0.00303930","13.19000000"]]},{"e":"depthUpdate","E":1557446095080,"s":"BNBBTC","U":264202470,"u":264202480,"b":[["0.00302870","0.00000000"],["0.00301700","0.00000000"],["0.00301600","337.48000000"],["0.00300210","3.90000000"]],"a":[["0.00303040","8.24000000"],["0.00303050","118.41000000"],["0.00303060","0.00000000"],["0.00303260","0.00000000"]]},{"e":"depthUpdate","E":1557446096080,"s":"BNBBTC","U":264202481,"u":264202490,"b":[["0.00302610","9.85000000"],["0.00302580","0.00000000"]],"a":[["0.00303020","3.26000000"],["0.00303030","41.73000000"],["0.00303040","4.98000000"],["0.00303270","77.07000000"],["0.00303590","0.00000000"],["0.00304300","100.00000000"],["0.00304400","0.00000000"]]},{"e":"depthUpdate","E":1557446097080,"s":"BNBBTC","U":264202491,"u":264202505,"b":[["0.00302860","0.00000000"],["0.00302850","8.25000000"],["0.00301730","76.93000000"],["0.00301610","0.00000000"],["0.00301600","7.48000000"],["0.00301300","330.00000000"],["0.00301190","0.00000000"],["0.00299410","184.35000000"],["0.00299360","0.00000000"],["0.00280000","3196.32000000"],["0.00250000","8384.21000000"]],"a":[["0.00303010","6.87000000"],["0.00303020","0.00000000"],["0.00303040","0.00000000"]]},{"e":"depthUpdate","E":1557446098081,"s":"BNBBTC","U":264202506,"u":264202508,"b":[],"a":[["0.00303050","168.41000000"],["0.00303660","906.86000000"],["0.00303790","0.00000000"]]},{"e":"depthUpdate","E":1557446099080,"s":"BNBBTC","U":264202509,"u":264202515,"b":[["0.00302850","0.00000000"]],"a":[["0.00303000","8.66000000"],["0.00303010","3.61000000"],["0.00303050","163.01000000"],["0.00303260","130.94000000"],["0.00303290","79.51000000"]]},{"e":"depthUpdate","E":1557446100081,"s":"BNBBTC","U":264202516,"u":264202517,"b":[],"a":[["0.00303030","0.00000000"]]},{"e":"depthUpdate","E":1557446101081,"s":"BNBBTC","U":264202518,"u":264202518,"b":[],"a":[["0.00305890","0.00000000"]]},{"e":"depthUpdate","E":1557446103082,"s":"BNBBTC","U":264202519,"u":264202522,"b":[],"a":[["0.00303930","0.00000000"],["0.00304080","1.36000000"],["0.00304250","6.00000000"],["0.00305790","40.36000000"]]},{"e":"depthUpdate","E":1557446104081,"s":"BNBBTC","U":264202523,"u":264202524,"b":[],"a":[["0.00303880","14.10000000"],["0.00304200","13.20000000"]]},{"e":"depthUpdate","E":1557446105081,"s":"BNBBTC","U":264202525,"u":264202527,"b":[["0.00230000","3290.22000000"]],"a":[["0.00303000","9.95000000"],["0.00304200","26.40000000"]]},{"e":"depthUpdate","E":1557446107082,"s":"BNBBTC","U":264202528,"u":264202532,"b":[],"a":[["0.00303880","0.90000000"],["0.00304200","0.00000000"]]},{"e":"depthUpdate","E":1557446108082,"s":"BNBBTC","U":264202533,"u":264202542,"b":[["0.00302870","1981.04000000"],["0.00302840","21.07000000"],["0.00302830","24.21000000"],["0.00302500","145.64000000"],["0.00301740","64.17000000"],["0.00300050","0.00000000"],["0.00299750","0.00000000"],["0.00299440","0.87000000"]],"a":[["0.00304200","26.40000000"]]},{"e":"depthUpdate","E":1557446109082,"s":"BNBBTC","U":264202543,"u":264202554,"b":[["0.00302880","4.36000000"],["0.00300090","6.70000000"],["0.00299790","3.34000000"],["0.00299480","10.55000000"],["0.00292560","0.00000000"],["0.00292210","32.45000000"]],"a":[["0.00303000","0.00000000"],["0.00303010","0.00000000"],["0.00303050","95.88000000"],["0.00303200","92.65000000"],["0.00304590","10.60000000"]]},{"e":"depthUpdate","E":1557446110082,"s":"BNBBTC","U":264202555,"u":264202573,"b":[["0.00302900","39.59000000"],["0.00302890","5.61000000"],["0.00302880","22.96000000"],["0.00302840","15.46000000"],["0.00302830","0.00000000"],["0.00302630","5.89000000"],["0.00302620","77.79000000"],["0.00302600","0.00000000"],["0.00302470","0.00000000"]],"a":[["0.00303050","83.43000000"],["0.00303200","0.00000000"],["0.00303210","0.00000000"],["0.00303250","22.65000000"],["0.00303330","20.00000000"],["0.00303480","70.00000000"],["0.00303600","0.00000000"]]},{"e":"depthUpdate","E":1557446111082,"s":"BNBBTC","U":264202574,"u":264202607,"b":[["0.00302950","3.39000000"],["0.00302940","8.24000000"],["0.00302930","0.00000000"],["0.00302920","0.00000000"],["0.00302910","30.54000000"],["0.00302880","4.36000000"],["0.00302650","0.00000000"],["0.00302640","131.89000000"],["0.00302630","0.00000000"],["0.00302610","0.00000000"],["0.00302590","0.00000000"],["0.00301600","337.48000000"],["0.00301300","0.00000000"]],"a":[["0.00303050","0.00000000"],["0.00303150","18.78000000"],["0.00303160","10.60000000"],["0.00303240","0.00000000"],["0.00303250","86.68000000"],["0.00303280","0.00000000"],["0.00303330","0.00000000"],["0.00303660","1.18000000"],["0.00303790","905.53000000"],["0.00304300","0.00000000"],["0.00304510","157.57000000"],["0.00304600","100.00000000"]]},{"e":"depthUpdate","E":1557446112083,"s":"BNBBTC","U":264202608,"u":264202624,"b":[["0.00302970","11.63000000"],["0.00302960","18.23000000"],["0.00302950","0.00000000"],["0.00302940","0.00000000"],["0.00302910","0.00000000"]],"a":[["0.00303140","10.60000000"],["0.00303160","0.00000000"],["0.00303240","22.65000000"],["0.00303250","64.03000000"],["0.00303260","0.00000000"],["0.00303270","0.00000000"],["0.00303280","0.00000000"],["0.00303640","294.85000000"],["0.00304510","0.00000000"],["0.00304540","13.18000000"]]},{"e":"depthUpdate","E":1557446113083,"s":"BNBBTC","U":264202625,"u":264202636,"b":[["0.00302980","18.23000000"],["0.00302970","8.24000000"],["0.00302960","0.00000000"],["0.00302910","3.39000000"],["0.00302400","0.00000000"],["0.00301560","28.04000000"]],"a":[["0.00303580","0.00000000"],["0.00303610","121.50000000"],["0.00303780","76.93000000"],["0.00304850","27.74000000"],["0.00311280","0.00000000"]]},{"e":"depthUpdate","E":1557446114084,"s":"BNBBTC","U":264202637,"u":264202640,"b":[["0.00302880","0.00000000"],["0.00299120","0.00000000"]],"a":[["0.00303290","0.00000000"],["0.00304060","0.53000000"]]},{"e":"depthUpdate","E":1557446115085,"s":"BNBBTC","U":264202641,"u":264202655,"b":[["0.00302990","39.59000000"],["0.00302910","0.00000000"],["0.00302900","3.39000000"],["0.00302550","20.00000000"],["0.00300540","2.83000000"],["0.00300450","1.20000000"],["0.00298840","9.53000000"]],"a":[["0.00303140","0.00000000"],["0.00303470","20.00000000"],["0.00303600","81.76000000"],["0.00303620","5.00000000"],["0.00303640","0.00000000"],["0.00304500","100.00000000"],["0.00304600","0.00000000"]]},{"e":"depthUpdate","E":1557446116085,"s":"BNBBTC","U":264202656,"u":264202673,"b":[["0.00303000","11.63000000"],["0.00302970","0.00000000"],["0.00302900","0.00000000"],["0.00298720","0.37000000"],["0.00298690","18.38000000"]],"a":[["0.00303150","0.00000000"],["0.00303230","8.24000000"],["0.00303240","0.00000000"],["0.00303320","0.00000000"],["0.00303340","0.00000000"],["0.00303360","0.00000000"],["0.00303470","20.00000000"],["0.00303480","92.65000000"],["0.00303590","81.24000000"],["0.00304570","153.48000000"]]},{"e":"depthUpdate","E":1557446117085,"s":"BNBBTC","U":264202674,"u":264202699,"b":[["0.00303030","3.39000000"],["0.00303020","8.24000000"],["0.00303010","6.98000000"],["0.00303000","0.00000000"],["0.00302980","0.00000000"],["0.00302900","9.84000000"],["0.00302890","11.48000000"],["0.00302880","87.08000000"]],"a":[["0.00303210","8.24000000"],["0.00303220","9.44000000"],["0.00303230","0.00000000"],["0.00303250","0.00000000"],["0.00303450","22.65000000"],["0.00303460","65.43000000"],["0.00303470","83.22000000"],["0.00303480","70.00000000"],["0.00303580","0.00000000"],["0.00303790","0.00000000"],["0.00304490","905.09000000"],["0.00304570","0.00000000"],["0.00383690","0.00000000"]]},{"e":"depthUpdate","E":1557446118086,"s":"BNBBTC","U":264202700,"u":264202706,"b":[["0.00303040","8.53000000"],["0.00303010","0.00000000"],["0.00301700","330.00000000"],["0.00301600","7.48000000"]],"a":[["0.00303200","9.44000000"],["0.00303220","0.00000000"],["0.00304850","0.00000000"]]},{"e":"depthUpdate","E":1557446119086,"s":"BNBBTC","U":264202707,"u":264202709,"b":[["0.00299690","184.52000000"],["0.00299410","0.66000000"]],"a":[["0.00305140","97.96000000"]]},{"e":"depthUpdate","E":1557446120086,"s":"BNBBTC","U":264202710,"u":264202716,"b":[["0.00303050","39.59000000"],["0.00303030","3.39000000"],["0.00302990","0.00000000"],["0.00302900","9.84000000"]],"a":[["0.00382360","0.00000000"]]},{"e":"depthUpdate","E":1557446121086,"s":"BNBBTC","U":264202717,"u":264202728,"b":[["0.00303060","7.48000000"],["0.00303040","0.00000000"],["0.00302920","15.70000000"],["0.00302910","75.87000000"],["0.00302900","0.00000000"],["0.00302890","5.61000000"],["0.00302880","0.00000000"],["0.00302810","3.84000000"],["0.00302500","65.74000000"]],"a":[["0.00304630","151.30000000"]]},{"e":"depthUpdate","E":1557446122086,"s":"BNBBTC","U":264202729,"u":264202731,"b":[["0.00302660","20.00000000"],["0.00302550","0.00000000"]],"a":[["0.00303200","0.00000000"]]},{"e":"depthUpdate","E":1557446123087,"s":"BNBBTC","U":264202732,"u":264202739,"b":[["0.00302940","15.70000000"],["0.00302930","128.58000000"],["0.00302920","0.00000000"],["0.00302640","0.00000000"],["0.00301800","330.00000000"],["0.00301700","0.00000000"]],"a":[]},{"e":"depthUpdate","E":1557446124086,"s":"BNBBTC","U":264202740,"u":264202759,"b":[["0.00303070","11.62000000"],["0.00303030","0.00000000"],["0.00303020","0.00000000"],["0.00302950","9.83000000"],["0.00302940","5.87000000"]],"a":[["0.00303210","0.00000000"],["0.00303420","30.89000000"],["0.00303430","78.11000000"],["0.00303440","0.00000000"],["0.00303450","0.00000000"],["0.00305140","70.25000000"],["0.00305790","0.00000000"]]},{"e":"depthUpdate","E":1557446125087,"s":"BNBBTC","U":264202760,"u":264202777,"b":[["0.00303090","8.23000000"],["0.00303080","16.45000000"],["0.00303070","0.00000000"],["0.00303060","0.00000000"],["0.00303050","0.00000000"],["0.00302950","13.22000000"]],"a":[["0.00303400","30.89000000"],["0.00303410","18.93000000"],["0.00303420","0.00000000"],["0.00303470","63.22000000"],["0.00303570","20.00000000"],["0.00304200","13.20000000"],["0.00304500","0.00000000"],["0.00304600","100.00000000"],["0.00306020","39.98000000"]]},{"e":"depthUpdate","E":1557446126087,"s":"BNBBTC","U":264202778,"u":264202788,"b":[["0.00303110","8.23000000"],["0.00303100","16.12000000"],["0.00303090","0.00000000"],["0.00303080","0.00000000"]],"a":[["0.00303380","30.89000000"],["0.00303390","18.93000000"],["0.00303400","0.00000000"],["0.00303410","0.00000000"],["0.00304900","27.74000000"]]},{"e":"depthUpdate","E":1557446127086,"s":"BNBBTC","U":264202789,"u":264202794,"b":[["0.00303130","8.24000000"],["0.00303120","16.12000000"],["0.00303110","0.00000000"],["0.00303100","0.00000000"],["0.00282550","25.24000000"]],"a":[["0.00304580","13.18000000"]]},{"e":"depthUpdate","E":1557446128086,"s":"BNBBTC","U":264202795,"u":264202800,"b":[["0.00302850","5.00000000"],["0.00300000","376.95000000"],["0.00230000","3273.07000000"]],"a":[["0.00303430","48.15000000"],["0.00308620","0.00000000"],["0.00308880","1.80000000"]]},{"e":"depthUpdate","E":1557446129086,"s":"BNBBTC","U":264202801,"u":264202812,"b":[["0.00303150","8.24000000"],["0.00303140","11.77000000"],["0.00303130","0.00000000"],["0.00302890","21.07000000"],["0.00302840","0.00000000"],["0.00299040","16.16000000"]],"a":[["0.00303380","8.24000000"],["0.00303430","0.00000000"],["0.00303450","22.65000000"],["0.00306020","0.79000000"]]},{"e":"depthUpdate","E":1557446130086,"s":"BNBBTC","U":264202813,"u":264202852,"b":[["0.00303160","0.00000000"],["0.00303150","7.21000000"],["0.00303120","0.00000000"],["0.00302960","3.39000000"],["0.00302950","9.83000000"],["0.00302940","66.99000000"],["0.00302660","0.00000000"],["0.00302520","20.00000000"],["0.00302500","0.00000000"],["0.00301800","0.00000000"],["0.00301600","337.48000000"],["0.00301030","0.00000000"],["0.00300020","189.91000000"],["0.00299690","1.00000000"]],"a":[["0.00303350","8.24000000"],["0.00303360","18.93000000"],["0.00303380","70.00000000"],["0.00303390","0.00000000"],["0.00303450","0.00000000"],["0.00303460","65.43000000"],["0.00303480","0.00000000"],["0.00303560","22.65000000"],["0.00378290","195.63000000"]]},{"e":"depthUpdate","E":1557446131086,"s":"BNBBTC","U":264202853,"u":264202868,"b":[],"a":[["0.00303320","0.00000000"],["0.00303330","5.88000000"],["0.00303340","0.00000000"],["0.00303350","0.00000000"],["0.00303360","0.00000000"],["0.00303370","22.65000000"],["0.00303450","0.00000000"],["0.00303560","0.00000000"],["0.00304490","0.00000000"],["0.00304590","915.69000000"]]},{"e":"depthUpdate","E":1557446132086,"s":"BNBBTC","U":264202869,"u":264202871,"b":[["0.00303150","23.31000000"]],"a":[["0.00303370","0.00000000"],["0.00303450","22.65000000"]]},{"e":"depthUpdate","E":1557446133086,"s":"BNBBTC","U":264202872,"u":264202880,"b":[["0.00303150","7.21000000"],["0.00213000","611.37000000"]],"a":[["0.00303330","0.00000000"],["0.00303370","30.89000000"],["0.00303440","0.00000000"],["0.00303450","0.00000000"],["0.00378290","0.00000000"]]},{"e":"depthUpdate","E":1557446134087,"s":"BNBBTC","U":264202881,"u":264202887,"b":[["0.00303140","0.00000000"],["0.00302960","0.00000000"],["0.00302950","13.22000000"]],"a":[["0.00303350","8.24000000"],["0.00303360","12.62000000"],["0.00303370","22.65000000"],["0.00306050","52.73000000"]]},{"e":"depthUpdate","E":1557446135087,"s":"BNBBTC","U":264202888,"u":264202896,"b":[["0.00302950","513.22000000"],["0.00302620","97.79000000"],["0.00302520","0.00000000"],["0.00301700","330.00000000"],["0.00301600","7.48000000"]],"a":[["0.00303330","8.24000000"],["0.00303340","12.62000000"],["0.00303350","0.00000000"],["0.00303360","0.00000000"]]},{"e":"depthUpdate","E":1557446136087,"s":"BNBBTC","U":264202897,"u":264202939,"b":[["0.00303150","0.00000000"],["0.00303060","8.24000000"],["0.00303050","0.00000000"],["0.00303040","0.00000000"],["0.00303030","13.22000000"],["0.00303020","5.88000000"],["0.00303010","39.59000000"],["0.00303000","0.00000000"],["0.00302990","0.00000000"],["0.00302980","0.00000000"],["0.00302970","0.00000000"],["0.00302960","0.00000000"],["0.00302950","500.00000000"],["0.00302940","61.12000000"]],"a":[["0.00303310","8.24000000"],["0.00303320","12.62000000"],["0.00303330","0.00000000"],["0.00303340","0.00000000"]]},{"e":"depthUpdate","E":1557446137087,"s":"BNBBTC","U":264202940,"u":264202944,"b":[["0.00303070","2.93000000"]],"a":[["0.00303290","8.24000000"],["0.00303300","12.62000000"],["0.00303310","0.00000000"],["0.00303320","0.00000000"]]},{"e":"depthUpdate","E":1557446138087,"s":"BNBBTC","U":264202945,"u":264202953,"b":[["0.00303060","0.00000000"],["0.00303040","8.24000000"],["0.00303030","3.39000000"]],"a":[["0.00303270","8.24000000"],["0.00303280","12.61000000"],["0.00303290","0.00000000"],["0.00303300","0.00000000"],["0.00304500","100.00000000"],["0.00304600","0.00000000"]]},{"e":"depthUpdate","E":1557446139087,"s":"BNBBTC","U":264202954,"u":264202957,"b":[["0.00302890","34.07000000"]],"a":[["0.00303270","3.45000000"],["0.00304150","13.18000000"]]},{"e":"depthUpdate","E":1557446140087,"s":"BNBBTC","U":264202958,"u":264203001,"b":[["0.00303080","8.24000000"],["0.00303070","0.00000000"],["0.00303060","0.00000000"],["0.00303050","0.00000000"],["0.00303040","0.00000000"],["0.00303030","11.37000000"],["0.00303020","1.82000000"],["0.00302960","4.36000000"],["0.00301900","332.00000000"],["0.00301700","0.00000000"],["0.00301390","2.05000000"]],"a":[["0.00303270","0.00000000"],["0.00303280","8.24000000"],["0.00303290","0.00000000"],["0.00303370","0.00000000"],["0.00303380","0.00000000"],["0.00303430","23.47000000"],["0.00303440","19.44000000"],["0.00303450","11.21000000"],["0.00303570","90.00000000"],["0.00304490","905.09000000"],["0.00304590","10.60000000"]]},{"e":"depthUpdate","E":1557446141087,"s":"BNBBTC","U":264203002,"u":264203026,"b":[["0.00303100","8.24000000"],["0.00303090","16.10000000"],["0.00303080","35.31000000"],["0.00303030","0.00000000"],["0.00303020","0.00000000"],["0.00303010","0.00000000"],["0.00302960","14.19000000"],["0.00302730","20.00000000"],["0.00302620","77.79000000"],["0.00270550","26.36000000"]],"a":[["0.00303280","4.07000000"],["0.00303290","11.21000000"],["0.00303440","16.05000000"],["0.00303450","0.00000000"],["0.00304500","0.00000000"],["0.00304600","100.00000000"]]},{"e":"depthUpdate","E":1557446142087,"s":"BNBBTC","U":264203027,"u":264203051,"b":[["0.00303160","8.24000000"],["0.00303150","0.00000000"],["0.00303140","0.00000000"],["0.00303130","0.00000000"],["0.00303120","9.83000000"],["0.00303110","11.37000000"],["0.00303100","0.00000000"],["0.00303090","0.00000000"],["0.00302960","4.36000000"]],"a":[["0.00303280","0.00000000"],["0.00303290","0.00000000"],["0.00303430","34.31000000"],["0.00303460","0.00000000"],["0.00303560","79.69000000"],["0.00303780","0.00000000"]]},{"e":"depthUpdate","E":1557446143087,"s":"BNBBTC","U":264203052,"u":264203075,"b":[["0.00303280","13.01000000"],["0.00303180","8.23000000"],["0.00303170","11.37000000"],["0.00303160","0.00000000"],["0.00303120","0.00000000"],["0.00303110","0.00000000"],["0.00303100","0.00000000"],["0.00303090","0.00000000"],["0.00302990","9.83000000"],["0.00302980","13.65000000"],["0.00302970","125.68000000"],["0.00302930","0.00000000"],["0.00301390","0.00000000"]],"a":[["0.00303550","125.71000000"],["0.00303560","0.00000000"],["0.00303570","70.00000000"],["0.00303610","0.00000000"],["0.00303680","20.00000000"],["0.00304150","0.00000000"],["0.00304600","0.00000000"],["0.00304820","62.62000000"]]},{"e":"depthUpdate","E":1557446144088,"s":"BNBBTC","U":264203076,"u":264203084,"b":[["0.00303270","5.69000000"],["0.00303170","0.00000000"],["0.00302990","13.22000000"],["0.00302970","122.29000000"],["0.00302960","0.00000000"],["0.00302730","0.00000000"]],"a":[["0.00304480","79.36000000"],["0.00304700","100.00000000"],["0.00439610","0.00000000"]]},{"e":"depthUpdate","E":1557446145088,"s":"BNBBTC","U":264203085,"u":264203096,"b":[["0.00303290","6.16000000"],["0.00303270","0.00000000"],["0.00303080","0.00000000"],["0.00302840","20.00000000"]],"a":[["0.00303420","14.86000000"],["0.00303430","19.45000000"],["0.00303440","0.00000000"],["0.00303460","0.00000000"],["0.00403700","0.00000000"]]},{"e":"depthUpdate","E":1557446146088,"s":"BNBBTC","U":264203097,"u":264203103,"b":[["0.00303290","0.00000000"],["0.00303280","11.63000000"],["0.00301160","0.00000000"]],"a":[["0.00303410","11.21000000"],["0.00303420","0.00000000"],["0.00303430","8.24000000"],["0.00303460","14.86000000"],["0.00390000","1705.72000000"]]},{"e":"depthUpdate","E":1557446147088,"s":"BNBBTC","U":264203104,"u":264203112,"b":[["0.00303280","18.15000000"],["0.00303080","1415.58000000"]],"a":[["0.00303410","0.00000000"],["0.00303450","13.26000000"],["0.00303460","0.00000000"],["0.00303540","14.86000000"],["0.00304490","0.00000000"],["0.00304620","904.49000000"],["0.00308230","116.17000000"]]},{"e":"depthUpdate","E":1557446148088,"s":"BNBBTC","U":264203113,"u":264203128,"b":[["0.00303100","13.22000000"],["0.00303090","18.00000000"],["0.00302990","0.00000000"],["0.00302980","0.00000000"],["0.00299040","16.99000000"],["0.00298990","0.00000000"]],"a":[["0.00303430","21.50000000"],["0.00303450","0.00000000"],["0.00303540","0.00000000"],["0.00303550","0.00000000"],["0.00303560","14.86000000"],["0.00304700","0.00000000"],["0.00304800","117.47000000"]]},{"e":"depthUpdate","E":1557446149088,"s":"BNBBTC","U":264203129,"u":264203131,"b":[],"a":[["0.00303430","13.26000000"],["0.00303460","8.23000000"],["0.00303790","126.93000000"]]},{"e":"depthUpdate","E":1557446150088,"s":"BNBBTC","U":264203132,"u":264203135,"b":[["0.00303280","11.63000000"]],"a":[["0.00303580","21.38000000"],["0.00304470","23.00000000"],["0.00306860","0.00000000"]]},{"e":"depthUpdate","E":1557446151088,"s":"BNBBTC","U":264203136,"u":264203142,"b":[["0.00302840","0.00000000"],["0.00302720","20.00000000"],["0.00301900","2.00000000"],["0.00301800","330.00000000"]],"a":[["0.00303460","23.09000000"],["0.00303560","0.00000000"],["0.00307080","7.14000000"]]},{"e":"depthUpdate","E":1557446152088,"s":"BNBBTC","U":264203143,"u":264203147,"b":[["0.00301560","0.00000000"]],"a":[["0.00303460","8.23000000"],["0.00303470","0.00000000"],["0.00303550","14.86000000"],["0.00303560","65.91000000"]]},{"e":"depthUpdate","E":1557446153089,"s":"BNBBTC","U":264203148,"u":264203153,"b":[["0.00303290","4.18000000"],["0.00302850","25.00000000"],["0.00302720","0.00000000"],["0.00301810","798.17000000"],["0.00301720","0.00000000"]],"a":[["0.00338080","0.00000000"]]},{"e":"depthUpdate","E":1557446154089,"s":"BNBBTC","U":264203154,"u":264203155,"b":[["0.00303090","13.64000000"]],"a":[["0.00352550","0.00000000"]]},{"e":"depthUpdate","E":1557446155089,"s":"BNBBTC","U":264203156,"u":264203156,"b":[],"a":[["0.00382620","0.00000000"]]},{"e":"depthUpdate","E":1557446156089,"s":"BNBBTC","U":264203157,"u":264203158,"b":[["0.00300230","6.58000000"]],"a":[["0.00303430","14.26000000"]]},{"e":"depthUpdate","E":1557446157089,"s":"BNBBTC","U":264203159,"u":264203162,"b":[["0.00299060","0.53000000"]],"a":[["0.00303430","1.00000000"],["0.00303460","16.62000000"],["0.00307630","177.00000000"]]},{"e":"depthUpdate","E":1557446158089,"s":"BNBBTC","U":264203163,"u":264203166,"b":[["0.00298870","3.34000000"]],"a":[["0.00303680","0.00000000"],["0.00303790","146.93000000"],["0.00307620","0.00000000"]]},{"e":"depthUpdate","E":1557446159089,"s":"BNBBTC","U":264203167,"u":264203177,"b":[["0.00303300","11.77000000"],["0.00302850","5.00000000"]],"a":[["0.00303430","0.00000000"],["0.00303460","8.39000000"],["0.00303480","8.23000000"],["0.00303550","0.00000000"],["0.00303570","14.86000000"],["0.00303590","0.00000000"],["0.00303720","71.00000000"],["0.00349450","0.71000000"]]},{"e":"depthUpdate","E":1557446160089,"s":"BNBBTC","U":264203178,"u":264203187,"b":[["0.00303320","9.63000000"],["0.00303310","20.38000000"],["0.00303290","0.00000000"],["0.00303030","20.00000000"]],"a":[["0.00303460","0.00000000"],["0.00303600","0.00000000"],["0.00303720","1.00000000"],["0.00303880","70.90000000"],["0.00304610","75.09000000"],["0.00349450","0.00000000"]]},{"e":"depthUpdate","E":1557446161089,"s":"BNBBTC","U":264203188,"u":264203196,"b":[["0.00303330","11.36000000"],["0.00303320","44.94000000"],["0.00303310","0.00000000"],["0.00300030","50.00000000"],["0.00299680","2.13000000"]],"a":[["0.00304190","78.02000000"],["0.00304200","0.00000000"]]},{"e":"depthUpdate","E":1557446162090,"s":"BNBBTC","U":264203197,"u":264203206,"b":[["0.00303340","11.77000000"],["0.00303300","0.00000000"],["0.00302850","0.00000000"],["0.00302820","0.00000000"],["0.00300040","183.30000000"],["0.00300020","6.59000000"]],"a":[["0.00304800","17.47000000"],["0.00304900","127.74000000"],["0.00306050","0.00000000"],["0.00306330","190.65000000"]]},{"e":"depthUpdate","E":1557446163089,"s":"BNBBTC","U":264203207,"u":264203208,"b":[["0.00303350","2.48000000"],["0.00303330","0.00000000"]],"a":[]},{"e":"depthUpdate","E":1557446164089,"s":"BNBBTC","U":264203209,"u":264203215,"b":[["0.00303350","0.00000000"],["0.00303340","4.08000000"],["0.00302950","0.00000000"],["0.00301530","0.00000000"]],"a":[["0.00303790","126.93000000"],["0.00303930","20.00000000"],["0.00304900","27.74000000"],["0.00305000","552.93000000"]]},{"e":"depthUpdate","E":1557446165089,"s":"BNBBTC","U":264203216,"u":264203242,"b":[["0.00303370","8.23000000"],["0.00303360","9.63000000"],["0.00303340","0.00000000"],["0.00303330","0.00000000"],["0.00303320","0.00000000"],["0.00303280","0.00000000"],["0.00303190","0.00000000"],["0.00303180","0.00000000"],["0.00303100","13.22000000"],["0.00301410","299.73000000"],["0.00300270","6.69000000"],["0.00300090","0.00000000"],["0.00299790","0.00000000"],["0.00299660","10.56000000"],["0.00299480","0.49000000"]],"a":[["0.00303480","0.00000000"],["0.00303490","0.00000000"],["0.00303550","14.86000000"],["0.00303570","0.00000000"],["0.00305000","452.93000000"],["0.00305100","101.36000000"]]},{"e":"depthUpdate","E":1557446166089,"s":"BNBBTC","U":264203243,"u":264203266,"b":[["0.00303390","7.13000000"],["0.00303380","47.08000000"],["0.00303160","23.48000000"],["0.00303150","20.00000000"],["0.00303100","3.39000000"],["0.00303090","133.19000000"],["0.00303030","0.00000000"],["0.00302980","75.57000000"],["0.00302970","0.00000000"],["0.00301730","0.00000000"],["0.00300490","50.65000000"],["0.00300480","51.12000000"],["0.00300030","0.00000000"],["0.00299970","3.83000000"],["0.00298690","51.12000000"],["0.00298000","704.56000000"]],"a":[["0.00303550","0.00000000"],["0.00303640","14.86000000"]]},{"e":"depthUpdate","E":1557446167089,"s":"BNBBTC","U":264203267,"u":264203281,"b":[["0.00303400","8.23000000"],["0.00303370","0.00000000"],["0.00303170","0.00000000"],["0.00303160","13.65000000"],["0.00303120","3.39000000"],["0.00303110","9.83000000"],["0.00303100","59.85000000"],["0.00301740","0.00000000"],["0.00300510","2.14000000"]],"a":[["0.00303560","0.00000000"],["0.00303930","0.00000000"]]},{"e":"depthUpdate","E":1557446168089,"s":"BNBBTC","U":264203282,"u":264203294,"b":[["0.00303410","9.40000000"],["0.00303390","0.00000000"],["0.00302990","29.47000000"],["0.00302890","13.00000000"]],"a":[["0.00303640","14.86000000"],["0.00303770","74.25000000"],["0.00303880","0.90000000"],["0.00303970","20.00000000"],["0.00304180","62.41000000"],["0.00388010","0.34000000"]]},{"e":"depthUpdate","E":1557446169089,"s":"BNBBTC","U":264203295,"u":264203314,"b":[["0.00303410","0.00000000"],["0.00303400","0.00000000"],["0.00303380","0.00000000"],["0.00303360","0.00000000"],["0.00303190","0.00000000"],["0.00303180","0.00000000"],["0.00303170","0.00000000"],["0.00303160","0.00000000"],["0.00303150","0.00000000"],["0.00303120","4.70000000"],["0.00303110","0.00000000"],["0.00303100","0.00000000"],["0.00303090","8.23000000"],["0.00303080","1315.43000000"],["0.00303000","4.36000000"],["0.00302910","0.00000000"],["0.00302620","0.00000000"]],"a":[["0.00303570","0.68000000"],["0.00303640","0.00000000"],["0.00303770","4.25000000"],["0.00355720","0.34000000"]]},{"e":"depthUpdate","E":1557446170089,"s":"BNBBTC","U":264203315,"u":264203348,"b":[["0.00303130","8.23000000"],["0.00303120","24.70000000"],["0.00303090","0.00000000"],["0.00302980","0.00000000"],["0.00302870","0.00000000"],["0.00301820","348.51000000"]],"a":[["0.00303530","42.41000000"],["0.00303540","187.25000000"],["0.00303550","0.00000000"],["0.00303560","0.00000000"],["0.00303570","29.96000000"],["0.00303580","119.46000000"],["0.00347650","1.19000000"]]},{"e":"depthUpdate","E":1557446171090,"s":"BNBBTC","U":264203349,"u":264203387,"b":[["0.00303170","16.46000000"],["0.00303160","0.00000000"],["0.00303150","0.00000000"],["0.00303140","0.00000000"],["0.00303130","0.00000000"],["0.00303120","20.00000000"],["0.00303080","0.00000000"],["0.00302940","0.00000000"],["0.00302190","83.86000000"],["0.00302180","137.01000000"],["0.00301940","9.84000000"],["0.00301470","1.85000000"],["0.00292030","30.00000000"]],"a":[["0.00303510","30.80000000"],["0.00303520","30.69000000"],["0.00303530","0.00000000"],["0.00303540","238.61000000"],["0.00303580","91.38000000"],["0.00303780","23.00000000"],["0.00304470","0.00000000"],["0.00339580","0.41000000"]]},{"e":"depthUpdate","E":1557446172090,"s":"BNBBTC","U":264203388,"u":264203444,"b":[["0.00303180","0.00000000"],["0.00303170","0.00000000"],["0.00303120","0.00000000"],["0.00303040","8.23000000"],["0.00303030","0.00000000"],["0.00303020","0.00000000"],["0.00303010","0.00000000"],["0.00303000","4.36000000"],["0.00302690","0.00000000"],["0.00302680","20.00000000"],["0.00302220","1.13000000"],["0.00302210","82.77000000"],["0.00302200","202.34000000"],["0.00302190","0.00000000"],["0.00302180","61.41000000"],["0.00301940","9.84000000"],["0.00301820","223.62000000"],["0.00301800","0.00000000"],["0.00299520","0.00000000"]],"a":[["0.00303440","3.39000000"],["0.00303450","28.50000000"],["0.00303460","0.00000000"],["0.00303470","0.00000000"],["0.00303480","0.00000000"],["0.00303490","27.41000000"],["0.00303500","29.24000000"],["0.00303510","0.00000000"],["0.00303520","0.00000000"],["0.00303530","6.54000000"],["0.00303860","20.00000000"],["0.00303970","0.00000000"],["0.00305900","5.62000000"]]},{"e":"depthUpdate","E":1557446173089,"s":"BNBBTC","U":264203445,"u":264203512,"b":[["0.00303060","4.28000000"],["0.00303040","0.00000000"],["0.00303000","8.23000000"],["0.00302240","0.00000000"],["0.00302230","85.11000000"],["0.00302220","74.28000000"],["0.00302210","0.00000000"],["0.00302200","125.37000000"],["0.00301900","332.00000000"],["0.00300040","0.00000000"],["0.00300020","189.91000000"],["0.00299390","2.15000000"]],"a":[["0.00303330","3.39000000"],["0.00303340","16.46000000"],["0.00303350","0.00000000"],["0.00303360","12.24000000"],["0.00303370","0.00000000"],["0.00303380","30.36000000"],["0.00303390","0.00000000"],["0.00303400","0.00000000"],["0.00303410","0.00000000"],["0.00303420","0.00000000"],["0.00303430","26.20000000"],["0.00303440","70.00000000"],["0.00303450","0.00000000"],["0.00303490","0.00000000"],["0.00303500","0.00000000"],["0.00303530","136.71000000"],["0.00303580","21.38000000"],["0.00303790","0.00000000"],["0.00303860","0.00000000"],["0.00305290","0.00000000"],["0.00305330","12.43000000"]]},{"e":"depthUpdate","E":1557446174089,"s":"BNBBTC","U":264203513,"u":264203561,"b":[["0.00303060","0.00000000"],["0.00303010","4.28000000"],["0.00301900","2.00000000"],["0.00301810","0.00000000"],["0.00301420","799.39000000"]],"a":[["0.00303240","3.39000000"],["0.00303250","16.46000000"],["0.00303260","12.24000000"],["0.00303270","0.00000000"],["0.00303280","0.00000000"],["0.00303290","0.00000000"],["0.00303300","0.00000000"],["0.00303310","0.00000000"],["0.00303320","0.00000000"],["0.00303330","100.51000000"],["0.00303340","26.20000000"],["0.00303350","29.96000000"],["0.00303360","0.00000000"],["0.00303380","0.00000000"],["0.00303430","0.00000000"],["0.00303440","0.00000000"],["0.00303510","0.00000000"],["0.00303520","78.40000000"],["0.00303570","0.00000000"],["0.00303790","905.53000000"],["0.00304480","0.00000000"],["0.00304620","0.00000000"]]},{"e":"depthUpdate","E":1557446175089,"s":"BNBBTC","U":264203562,"u":264203591,"b":[["0.00302690","2.34000000"],["0.00302230","82.77000000"],["0.00301800","330.00000000"],["0.00298840","0.00000000"]],"a":[["0.00303180","3.39000000"],["0.00303190","16.46000000"],["0.00303200","12.24000000"],["0.00303210","0.00000000"],["0.00303220","0.00000000"],["0.00303230","0.00000000"],["0.00303240","0.00000000"],["0.00303250","0.00000000"],["0.00303260","0.00000000"],["0.00303320","26.20000000"],["0.00303340","0.00000000"],["0.00303540","0.00000000"],["0.00303700","20.00000000"],["0.00304210","13.18000000"],["0.00304900","127.74000000"],["0.00305100","1.36000000"]]},{"e":"depthUpdate","E":1557446176089,"s":"BNBBTC","U":264203592,"u":264203605,"b":[["0.00303010","0.00000000"],["0.00303000","2.94000000"],["0.00299630","8.84000000"],["0.00298690","38.56000000"]],"a":[["0.00303170","10.63000000"],["0.00303180","70.00000000"],["0.00303200","0.00000000"],["0.00303310","0.00000000"],["0.00303330","30.51000000"],["0.00303530","130.17000000"],["0.00307780","0.36000000"]]},{"e":"depthUpdate","E":1557446177089,"s":"BNBBTC","U":264203606,"u":264203613,"b":[["0.00303000","0.00000000"],["0.00302900","8.24000000"],["0.00299420","11.67000000"],["0.00224960","7.98000000"],["0.00224460","0.00000000"]],"a":[["0.00304050","13.19000000"],["0.00304800","117.47000000"],["0.00304900","27.74000000"]]},{"e":"depthUpdate","E":1557446178089,"s":"BNBBTC","U":264203614,"u":264203616,"b":[["0.00260300","0.00000000"]],"a":[["0.00303350","0.00000000"],["0.00307970","0.48000000"]]},{"e":"depthUpdate","E":1557446179089,"s":"BNBBTC","U":264203617,"u":264203623,"b":[["0.00302250","82.78000000"],["0.00302240","81.65000000"],["0.00302230","0.00000000"],["0.00302220","0.00000000"],["0.00283880","0.00000000"]],"a":[["0.00303580","41.38000000"],["0.00303700","0.00000000"]]},{"e":"depthUpdate","E":1557446180090,"s":"BNBBTC","U":264203624,"u":264203627,"b":[["0.00301810","799.15000000"],["0.00301420","0.00000000"]],"a":[["0.00303790","0.00000000"],["0.00303990","905.47000000"]]},{"e":"depthUpdate","E":1557446181089,"s":"BNBBTC","U":264203628,"u":264203632,"b":[["0.00301540","0.63000000"]],"a":[["0.00303510","61.79000000"],["0.00304180","0.00000000"],["0.00304990","1.77000000"],["0.00305330","10.65000000"]]},{"e":"depthUpdate","E":1557446182089,"s":"BNBBTC","U":264203633,"u":264203639,"b":[["0.00302260","9.84000000"],["0.00302250","293.85000000"],["0.00301940","0.00000000"]],"a":[["0.00304600","100.00000000"],["0.00304800","17.47000000"],["0.00306820","1.78000000"],["0.00307080","5.35000000"]]},{"e":"depthUpdate","E":1557446183089,"s":"BNBBTC","U":264203640,"u":264203652,"b":[["0.00302280","92.62000000"],["0.00302270","202.74000000"],["0.00302260","0.00000000"],["0.00302250","211.07000000"],["0.00302240","0.00000000"],["0.00302200","0.00000000"]],"a":[["0.00303000","1.75000000"],["0.00303480","20.00000000"],["0.00303580","21.38000000"],["0.00308660","1.79000000"],["0.00308880","0.00000000"]]},{"e":"depthUpdate","E":1557446184089,"s":"BNBBTC","U":264203653,"u":264203657,"b":[],"a":[["0.00303000","0.00000000"],["0.00303170","19.85000000"],["0.00303190","0.00000000"],["0.00303880","14.10000000"]]},{"e":"depthUpdate","E":1557446185090,"s":"BNBBTC","U":264203658,"u":264203681,"b":[["0.00302990","13.52000000"],["0.00302790","20.00000000"],["0.00302690","0.00000000"],["0.00302680","0.00000000"],["0.00302310","0.00000000"],["0.00302300","85.13000000"],["0.00302290","74.74000000"],["0.00302280","10.19000000"],["0.00302270","126.80000000"],["0.00297990","1.66000000"],["0.00297530","2.16000000"]],"a":[["0.00303170","19.51000000"],["0.00303320","0.00000000"],["0.00303470","26.20000000"],["0.00303510","61.79000000"],["0.00303880","0.90000000"]]},{"e":"depthUpdate","E":1557446186089,"s":"BNBBTC","U":264203682,"u":264203709,"b":[["0.00302320","85.13000000"],["0.00302310","77.05000000"],["0.00302300","0.00000000"],["0.00302290","0.00000000"],["0.00302280","10.19000000"]],"a":[["0.00303470","0.00000000"],["0.00303500","26.20000000"]]},{"e":"depthUpdate","E":1557446187089,"s":"BNBBTC","U":264203710,"u":264203745,"b":[["0.00302790","0.00000000"],["0.00302670","20.00000000"],["0.00302340","85.13000000"],["0.00302330","77.34000000"],["0.00302320","0.00000000"],["0.00302310","0.00000000"],["0.00302300","0.00000000"],["0.00302290","0.35000000"],["0.00302280","9.84000000"],["0.00301830","799.10000000"],["0.00301810","0.00000000"]],"a":[["0.00303150","0.00000000"],["0.00303160","3.05000000"],["0.00303170","16.46000000"],["0.00303470","26.20000000"],["0.00303500","122.20000000"],["0.00303790","905.53000000"],["0.00303990","0.00000000"],["0.00410000","2290.54000000"]]},{"e":"depthUpdate","E":1557446188089,"s":"BNBBTC","U":264203746,"u":264203748,"b":[["0.00302290","3.40000000"]],"a":[["0.00303160","0.00000000"],["0.00303170","11.54000000"]]},{"e":"depthUpdate","E":1557446189090,"s":"BNBBTC","U":264203749,"u":264203749,"b":[["0.00301790","28.06000000"]],"a":[]},{"e":"depthUpdate","E":1557446190089,"s":"BNBBTC","U":264203750,"u":264203783,"b":[["0.00303000","8.24000000"],["0.00302900","0.00000000"],["0.00302680","2.35000000"],["0.00302360","82.78000000"],["0.00302350","61.66000000"],["0.00302340","0.00000000"],["0.00302290","0.00000000"],["0.00301820","159.07000000"]],"a":[["0.00303170","0.00000000"],["0.00303180","0.00000000"],["0.00303320","26.20000000"],["0.00303330","70.00000000"],["0.00303460","30.28000000"],["0.00303470","0.00000000"],["0.00303490","6.54000000"],["0.00304600","0.00000000"],["0.00304630","0.00000000"],["0.00304800","117.47000000"]]},{"e":"depthUpdate","E":1557446191089,"s":"BNBBTC","U":264203784,"u":264203843,"b":[["0.00303020","8.24000000"],["0.00303010","27.76000000"],["0.00303000","0.00000000"],["0.00302990","0.00000000"],["0.00302800","0.00000000"],["0.00302790","20.00000000"],["0.00302680","0.00000000"],["0.00302670","0.00000000"],["0.00302390","5.74000000"],["0.00302380","82.78000000"],["0.00302370","205.79000000"],["0.00302360","9.84000000"],["0.00302330","0.00000000"],["0.00302290","0.00000000"],["0.00302280","0.00000000"],["0.00302270","0.00000000"],["0.00302190","0.00000000"],["0.00300490","0.65000000"],["0.00300030","50.00000000"]],"a":[["0.00303310","28.54000000"],["0.00303320","59.98000000"],["0.00303460","0.00000000"],["0.00303470","26.20000000"],["0.00304050","0.00000000"],["0.00304670","159.82000000"],["0.00304800","17.47000000"],["0.00304820","0.00000000"],["0.00304900","127.74000000"],["0.00308660","0.00000000"],["0.00308820","1.80000000"]]},{"e":"depthUpdate","E":1557446192089,"s":"BNBBTC","U":264203844,"u":264203853,"b":[["0.00303040","8.24000000"],["0.00303030","12.49000000"],["0.00303020","0.00000000"],["0.00302790","0.00000000"],["0.00302380","82.78000000"],["0.00302360","9.84000000"]],"a":[["0.00303300","5.94000000"]]},{"e":"depthUpdate","E":1557446193089,"s":"BNBBTC","U":264203854,"u":264203881,"b":[["0.00303060","8.24000000"],["0.00303050","12.49000000"],["0.00303040","0.00000000"],["0.00303030","0.00000000"],["0.00302690","20.00000000"],["0.00302410","88.50000000"],["0.00302400","77.35000000"],["0.00302390","0.00000000"],["0.00302380","9.84000000"],["0.00302370","128.06000000"],["0.00302360","0.00000000"]],"a":[["0.00303300","0.00000000"]]},{"e":"depthUpdate","E":1557446194089,"s":"BNBBTC","U":264203882,"u":264203896,"b":[["0.00303080","8.24000000"],["0.00303070","12.49000000"],["0.00303060","0.00000000"],["0.00303050","0.00000000"],["0.00302410","88.50000000"],["0.00302390","0.00000000"],["0.00302380","0.00000000"],["0.00302360","9.84000000"],["0.00301800","0.00000000"],["0.00301600","337.48000000"]],"a":[["0.00303490","0.00000000"],["0.00304600","100.00000000"],["0.00304900","27.74000000"]]},{"e":"depthUpdate","E":1557446195089,"s":"BNBBTC","U":264203897,"u":264203923,"b":[["0.00303100","8.24000000"],["0.00303090","12.49000000"],["0.00303080","0.00000000"],["0.00303070","0.00000000"],["0.00302410","85.10000000"],["0.00302380","0.00000000"],["0.00301830","0.00000000"],["0.00301610","799.10000000"],["0.00300040","183.30000000"],["0.00300020","6.59000000"]],"a":[["0.00304500","100.00000000"],["0.00304600","0.00000000"]]},{"e":"depthUpdate","E":1557446196090,"s":"BNBBTC","U":264203924,"u":264203947,"b":[["0.00303100","7.73000000"],["0.00302410","85.10000000"],["0.00302380","3.40000000"]],"a":[["0.00303300","0.51000000"],["0.00360000","2837.98000000"]]},{"e":"depthUpdate","E":1557446197090,"s":"BNBBTC","U":264203948,"u":264203964,"b":[["0.00302410","88.50000000"],["0.00302390","0.00000000"],["0.00302380","0.00000000"],["0.00302360","9.84000000"],["0.00301360","0.00000000"]],"a":[["0.00303290","0.00000000"]]},{"e":"depthUpdate","E":1557446198090,"s":"BNBBTC","U":264203965,"u":264203990,"b":[["0.00302440","3.40000000"],["0.00302430","85.09000000"],["0.00302420","127.84000000"],["0.00302410","9.84000000"],["0.00302380","0.00000000"],["0.00302370","0.00000000"],["0.00302360","0.00000000"],["0.00301700","330.00000000"],["0.00301600","7.48000000"]],"a":[["0.00303290","0.00000000"],["0.00303300","26.71000000"],["0.00303460","129.09000000"],["0.00303470","0.00000000"],["0.00303530","0.00000000"],["0.00304500","0.00000000"],["0.00304900","127.74000000"]]}