{"data":[{"e":"trade","E":1557445911544,"s":"BNBBTC","t":44511851,"p":"0.00303070","q":"0.61000000","b":160432482,"a":160432492,"T":1557445911539,"m":true,"M":true},{"e":"trade","E":1557445913520,"s":"BNBBTC","t":44511852,"p":"0.00303070","q":"11.16000000","b":160432482,"a":160432495,"T":1557445913514,"m":true,"M":true},{"e":"trade","E":1557445913520,"s":"BNBBTC","t":44511853,"p":"0.00303070","q":"11.77000000","b":160432485,"a":160432495,"T":1557445913514,"m":true,"M":true},{"e":"trade","E":1557445913520,"s":"BNBBTC","t":44511854,"p":"0.00303070","q":"5.60000000","b":160432490,"a":160432495,"T":1557445913514,"m":true,"M":true},{"e":"trade","E":1557445913520,"s":"BNBBTC","t":44511855,"p":"0.00303060","q":"11.77000000","b":160432480,"a":160432495,"T":1557445913514,"m":true,"M":true},{"e":"trade","E":1557445913520,"s":"BNBBTC","t":44511856,"p":"0.00303060","q":"10.70000000","b":160432494,"a":160432495,"T":1557445913514,"m":true,"M":true},{"e":"trade","E":1557445923379,"s":"BNBBTC","t":44511857,"p":"0.00303070","q":"5.60000000","b":160432536,"a":160432544,"T":1557445923372,"m":true,"M":true},{"e":"trade","E":1557445923379,"s":"BNBBTC","t":44511858,"p":"0.00303070","q":"11.77000000","b":160432540,"a":160432544,"T":1557445923372,"m":true,"M":true},{"e":"trade","E":1557445924077,"s":"BNBBTC","t":44511859,"p":"0.00303060","q":"1.37000000","b":160432494,"a":160432549,"T":1557445924072,"m":true,"M":true},{"e":"trade","E":1557445924084,"s":"BNBBTC","t":44511860,"p":"0.00303070","q":"11.01000000","b":160432550,"a":160432544,"T":1557445924078,"m":false,"M":true},{"e":"trade","E":1557445933659,"s":"BNBBTC","t":44511861,"p":"0.00303160","q":"2.00000000","b":160432634,"a":160432573,"T":1557445933654,"m":false,"M":true},{"e":"trade","E":1557445933819,"s":"BNBBTC","t":44511862,"p":"0.00303160","q":"2.00000000","b":160432635,"a":160432573,"T":1557445933810,"m":false,"M":true},{"e":"trade","E":1557445935026,"s":"BNBBTC","t":44511863,"p":"0.00303160","q":"7.96000000","b":160432642,"a":160432573,"T":1557445935018,"m":false,"M":true},{"e":"trade","E":1557445941907,"s":"BNBBTC","t":44511864,"p":"0.00303070","q":"3.59000000","b":160432627,"a":160432674,"T":1557445941901,"m":true,"M":true},{"e":"trade","E":1557445947298,"s":"BNBBTC","t":44511865,"p":"0.00303100","q":"8.21000000","b":160432678,"a":160432694,"T":1557445947293,"m":true,"M":true},{"e":"trade","E":1557445947578,"s":"BNBBTC","t":44511866,"p":"0.00303160","q":"0.92000000","b":160432695,"a":160432573,"T":1557445947570,"m":false,"M":true},{"e":"trade","E":1557445947578,"s":"BNBBTC","t":44511867,"p":"0.00303160","q":"9.99000000","b":160432695,"a":160432691,"T":1557445947570,"m":false,"M":true},{"e":"trade","E":1557445952469,"s":"BNBBTC","t":44511868,"p":"0.00303160","q":"4.07000000","b":160432695,"a":160432706,"T":1557445952464,"m":true,"M":true},{"e":"trade","E":1557445955240,"s":"BNBBTC","t":44511869,"p":"0.00303160","q":"4.15000000","b":160432695,"a":160432735,"T":1557445955234,"m":true,"M":true},{"e":"trade","E":1557445955529,"s":"BNBBTC","t":44511870,"p":"0.00303270","q":"0.53000000","b":160432738,"a":160432643,"T":1557445955520,"m":false,"M":true},{"e":"trade","E":1557445955529,"s":"BNBBTC","t":44511871,"p":"0.00303300","q":"5.60000000","b":160432738,"a":160432655,"T":1557445955520,"m":false,"M":true},{"e":"trade","E":1557445955529,"s":"BNBBTC","t":44511872,"p":"0.00303300","q":"3.40000000","b":160432738,"a":160432737,"T":1557445955520,"m":false,"M":true},{"e":"trade","E":1557445955529,"s":"BNBBTC","t":44511873,"p":"0.00303310","q":"70.00000000","b":160432738,"a":160432562,"T":1557445955520,"m":false,"M":true},{"e":"trade","E":1557445955529,"s":"BNBBTC","t":44511874,"p":"0.00303330","q":"22.52000000","b":160432738,"a":160431084,"T":1557445955520,"m":false,"M":true},{"e":"trade","E":1557445955529,"s":"BNBBTC","t":44511875,"p":"0.00303350","q":"11.73000000","b":160432738,"a":160431029,"T":1557445955520,"m":false,"M":true},{"e":"trade","E":1557445955529,"s":"BNBBTC","t":44511876,"p":"0.00303450","q":"47.03000000","b":160432738,"a":160431061,"T":1557445955520,"m":false,"M":true},{"e":"trade","E":1557445955529,"s":"BNBBTC","t":44511877,"p":"0.00303500","q":"20.00000000","b":160432738,"a":160432711,"T":1557445955520,"m":false,"M":true},{"e":"trade","E":1557445955529,"s":"BNBBTC","t":44511878,"p":"0.00303540","q":"109.19000000","b":160432738,"a":160432705,"T":1557445955520,"m":false,"M":true},{"e":"trade","E":1557445956175,"s":"BNBBTC","t":44511879,"p":"0.00303280","q":"1.98000000","b":160432754,"a":160432755,"T":1557445956171,"m":true,"M":true},{"e":"trade","E":1557445956619,"s":"BNBBTC","t":44511880,"p":"0.00303290","q":"3.40000000","b":160432757,"a":160432764,"T":1557445956614,"m":true,"M":true},{"e":"trade","E":1557445956823,"s":"BNBBTC","t":44511881,"p":"0.00303280","q":"1.20000000","b":160432754,"a":160432769,"T":1557445956817,"m":true,"M":true},{"e":"trade","E":1557445957233,"s":"BNBBTC","t":44511882,"p":"0.00303290","q":"7.97000000","b":160432773,"a":160432777,"T":1557445957229,"m":true,"M":true},{"e":"trade","E":1557445957311,"s":"BNBBTC","t":44511883,"p":"0.00303300","q":"5.60000000","b":160432779,"a":160432781,"T":1557445957306,"m":true,"M":true},{"e":"trade","E":1557445957425,"s":"BNBBTC","t":44511884,"p":"0.00303310","q":"5.90000000","b":160432785,"a":160432787,"T":1557445957418,"m":true,"M":true},{"e":"trade","E":1557445957528,"s":"BNBBTC","t":44511885,"p":"0.00303300","q":"5.90000000","b":160432791,"a":160432790,"T":1557445957523,"m":false,"M":true},{"e":"trade","E":1557445958406,"s":"BNBBTC","t":44511886,"p":"0.00303300","q":"8.02000000","b":160432797,"a":160432798,"T":1557445958402,"m":true,"M":true},{"e":"trade","E":1557445966410,"s":"BNBBTC","t":44511887,"p":"0.00303300","q":"5.00000000","b":160432818,"a":160432841,"T":1557445966405,"m":true,"M":true},{"e":"trade","E":1557445966410,"s":"BNBBTC","t":44511888,"p":"0.00303300","q":"1.10000000","b":160432833,"a":160432841,"T":1557445966405,"m":true,"M":true},{"e":"trade","E":1557445966410,"s":"BNBBTC","t":44511889,"p":"0.00303270","q":"17.30000000","b":160432753,"a":160432841,"T":1557445966405,"m":true,"M":true},{"e":"trade","E":1557445971136,"s":"BNBBTC","t":44511890,"p":"0.00303540","q":"3.40000000","b":160432856,"a":160432840,"T":1557445971132,"m":false,"M":true},{"e":"trade","E":1557445971136,"s":"BNBBTC","t":44511891,"p":"0.00303570","q":"3.79000000","b":160432856,"a":160430730,"T":1557445971132,"m":false,"M":true},{"e":"trade","E":1557445972185,"s":"BNBBTC","t":44511892,"p":"0.00303360","q":"8.36000000","b":160432868,"a":160432869,"T":1557445972181,"m":true,"M":true},{"e":"trade","E":1557445972185,"s":"BNBBTC","t":44511893,"p":"0.00303340","q":"2.58000000","b":160432867,"a":160432869,"T":1557445972181,"m":true,"M":true},{"e":"trade","E":1557445978931,"s":"BNBBTC","t":44511894,"p":"0.00303630","q":"5.59000000","b":160432920,"a":160432919,"T":1557445978926,"m":false,"M":true},{"e":"trade","E":1557445978931,"s":"BNBBTC","t":44511895,"p":"0.00303640","q":"0.23000000","b":160432920,"a":160432903,"T":1557445978926,"m":false,"M":true},{"e":"trade","E":1557445985318,"s":"BNBBTC","t":44511896,"p":"0.00303630","q":"2.35000000","b":160432965,"a":160432962,"T":1557445985312,"m":false,"M":true},{"e":"trade","E":1557445985318,"s":"BNBBTC","t":44511897,"p":"0.00303640","q":"8.23000000","b":160432965,"a":160432961,"T":1557445985312,"m":false,"M":true},{"e":"trade","E":1557445985318,"s":"BNBBTC","t":44511898,"p":"0.00303650","q":"27.54000000","b":160432965,"a":160430469,"T":1557445985312,"m":false,"M":true},{"e":"trade","E":1557445993881,"s":"BNBBTC","t":44511899,"p":"0.00303480","q":"0.44000000","b":160432983,"a":160433006,"T":1557445993876,"m":true,"M":true},{"e":"trade","E":1557445998374,"s":"BNBBTC","t":44511900,"p":"0.00303510","q":"0.79000000","b":160433013,"a":160433029,"T":1557445998368,"m":true,"M":true},{"e":"trade","E":1557446001041,"s":"BNBBTC","t":44511901,"p":"0.00303510","q":"5.17000000","b":160433018,"a":160433031,"T":1557446001036,"m":true,"M":true},{"e":"trade","E":1557446003550,"s":"BNBBTC","t":44511902,"p":"0.00303510","q":"70.00000000","b":160433022,"a":160433034,"T":1557446003544,"m":true,"M":true},{"e":"trade","E":1557446003550,"s":"BNBBTC","t":44511903,"p":"0.00303500","q":"100.81000000","b":160433009,"a":160433034,"T":1557446003544,"m":true,"M":true},{"e":"trade","E":1557446003985,"s":"BNBBTC","t":44511904,"p":"0.00303500","q":"1.34000000","b":160433040,"a":160433034,"T":1557446003980,"m":false,"M":true},{"e":"trade","E":1557446004098,"s":"BNBBTC","t":44511905,"p":"0.00303470","q":"8.23000000","b":160432969,"a":160433041,"T":1557446004091,"m":true,"M":true},{"e":"trade","E":1557446004410,"s":"BNBBTC","t":44511906,"p":"0.00303490","q":"1.20000000","b":160433056,"a":160433043,"T":1557446004405,"m":false,"M":true},{"e":"trade","E":1557446004410,"s":"BNBBTC","t":44511907,"p":"0.00303490","q":"4.45000000","b":160433056,"a":160433052,"T":1557446004405,"m":false,"M":true},{"e":"trade","E":1557446010033,"s":"BNBBTC","t":44511908,"p":"0.00303170","q":"3.40000000","b":160433070,"a":160433096,"T":1557446010025,"m":true,"M":true},{"e":"trade","E":1557446016273,"s":"BNBBTC","t":44511909,"p":"0.00303160","q":"1.54000000","b":160432695,"a":160433129,"T":1557446016269,"m":true,"M":true},{"e":"trade","E":1557446016598,"s":"BNBBTC","t":44511910,"p":"0.00303160","q":"1.00000000","b":160433135,"a":160433136,"T":1557446016593,"m":true,"M":true},{"e":"trade","E":1557446016986,"s":"BNBBTC","t":44511911,"p":"0.00303160","q":"0.53000000","b":160433137,"a":160433138,"T":1557446016980,"m":true,"M":true},{"e":"trade","E":1557446017007,"s":"BNBBTC","t":44511912,"p":"0.00303120","q":"8.23000000","b":160433106,"a":160433139,"T":1557446016997,"m":true,"M":true},{"e":"trade","E":1557446017007,"s":"BNBBTC","t":44511913,"p":"0.00303110","q":"11.09000000","b":160433001,"a":160433139,"T":1557446016997,"m":true,"M":true},{"e":"trade","E":1557446017007,"s":"BNBBTC","t":44511914,"p":"0.00303000","q":"1.00000000","b":160433101,"a":160433139,"T":1557446016997,"m":true,"M":true},{"e":"trade","E":1557446017007,"s":"BNBBTC","t":44511915,"p":"0.00302840","q":"3.40000000","b":160433133,"a":160433139,"T":1557446016997,"m":true,"M":true},{"e":"trade","E":1557446017007,"s":"BNBBTC","t":44511916,"p":"0.00302830","q":"9.84000000","b":160433131,"a":160433139,"T":1557446016997,"m":true,"M":true},{"e":"trade","E":1557446017007,"s":"BNBBTC","t":44511917,"p":"0.00302830","q":"24.98000000","b":160433132,"a":160433139,"T":1557446016997,"m":true,"M":true},{"e":"trade","E":1557446017007,"s":"BNBBTC","t":44511918,"p":"0.00302820","q":"124.88000000","b":160433116,"a":160433139,"T":1557446016997,"m":true,"M":true},{"e":"trade","E":1557446017007,"s":"BNBBTC","t":44511919,"p":"0.00302800","q":"63.62000000","b":160433067,"a":160433139,"T":1557446016997,"m":true,"M":true},{"e":"trade","E":1557446017007,"s":"BNBBTC","t":44511920,"p":"0.00302800","q":"76.21000000","b":160433068,"a":160433139,"T":1557446016997,"m":true,"M":true},{"e":"trade","E":1557446017021,"s":"BNBBTC","t":44511921,"p":"0.00302800","q":"44.81000000","b":160433140,"a":160433139,"T":1557446017014,"m":false,"M":true},{"e":"trade","E":1557446017819,"s":"BNBBTC","t":44511922,"p":"0.00303250","q":"8.23000000","b":160433187,"a":160433185,"T":1557446017813,"m":false,"M":true},{"e":"trade","E":1557446017925,"s":"BNBBTC","t":44511923,"p":"0.00303230","q":"1.61000000","b":160433191,"a":160433190,"T":1557446017919,"m":false,"M":true},{"e":"trade","E":1557446017925,"s":"BNBBTC","t":44511924,"p":"0.00303240","q":"0.35000000","b":160433191,"a":160433188,"T":1557446017919,"m":false,"M":true},{"e":"trade","E":1557446020482,"s":"BNBBTC","t":44511925,"p":"0.00303210","q":"3.29000000","b":160433209,"a":160433200,"T":1557446020478,"m":false,"M":true},{"e":"trade","E":1557446020516,"s":"BNBBTC","t":44511926,"p":"0.00303190","q":"7.99000000","b":160433208,"a":160433212,"T":1557446020511,"m":true,"M":true},{"e":"trade","E":1557446020530,"s":"BNBBTC","t":44511927,"p":"0.00303190","q":"1.90000000","b":160433208,"a":160433214,"T":1557446020525,"m":true,"M":true},{"e":"trade","E":1557446021588,"s":"BNBBTC","t":44511928,"p":"0.00302860","q":"3.29000000","b":160433220,"a":160433222,"T":1557446021583,"m":true,"M":true},{"e":"trade","E":1557446021588,"s":"BNBBTC","t":44511929,"p":"0.00302850","q":"9.85000000","b":160433219,"a":160433222,"T":1557446021583,"m":true,"M":true},{"e":"trade","E":1557446021589,"s":"BNBBTC","t":44511930,"p":"0.00302840","q":"18.54000000","b":160433217,"a":160433222,"T":1557446021583,"m":true,"M":true},{"e":"trade","E":1557446025112,"s":"BNBBTC","t":44511931,"p":"0.00303160","q":"1.33000000","b":160433272,"a":160433271,"T":1557446025105,"m":false,"M":true},{"e":"trade","E":1557446025326,"s":"BNBBTC","t":44511932,"p":"0.00303140","q":"2.07000000","b":160433278,"a":160433277,"T":1557446025321,"m":false,"M":true},{"e":"trade","E":1557446025435,"s":"BNBBTC","t":44511933,"p":"0.00303130","q":"8.24000000","b":160433281,"a":160433280,"T":1557446025428,"m":false,"M":true},{"e":"trade","E":1557446025435,"s":"BNBBTC","t":44511934,"p":"0.00303140","q":"1.61000000","b":160433281,"a":160433279,"T":1557446025428,"m":false,"M":true},{"e":"trade","E":1557446025532,"s":"BNBBTC","t":44511935,"p":"0.00303130","q":"1.23000000","b":160433286,"a":160433282,"T":1557446025527,"m":false,"M":true},{"e":"trade","E":1557446025655,"s":"BNBBTC","t":44511936,"p":"0.00303130","q":"10.04000000","b":160433288,"a":160433282,"T":1557446025647,"m":false,"M":true},{"e":"trade","E":1557446025734,"s":"BNBBTC","t":44511937,"p":"0.00303120","q":"3.88000000","b":160433291,"a":160433290,"T":1557446025727,"m":false,"M":true},{"e":"trade","E":1557446026418,"s":"BNBBTC","t":44511938,"p":"0.00302780","q":"11.77000000","b":160433314,"a":160433318,"T":1557446026411,"m":true,"M":true},{"e":"trade","E":1557446026418,"s":"BNBBTC","t":44511939,"p":"0.00302780","q":"38.22000000","b":160433315,"a":160433318,"T":1557446026411,"m":true,"M":true},{"e":"trade","E":1557446028438,"s":"BNBBTC","t":44511940,"p":"0.00302880","q":"3.10000000","b":160433342,"a":160433347,"T":1557446028432,"m":true,"M":true},{"e":"trade","E":1557446031178,"s":"BNBBTC","t":44511941,"p":"0.00303150","q":"1.54000000","b":160433369,"a":160433325,"T":1557446031173,"m":false,"M":true},{"e":"trade","E":1557446034170,"s":"BNBBTC","t":44511942,"p":"0.00302940","q":"0.39000000","b":160433379,"a":160433391,"T":1557446034164,"m":true,"M":true},{"e":"trade","E":1557446038738,"s":"BNBBTC","t":44511943,"p":"0.00303390","q":"2.36000000","b":160433421,"a":160433413,"T":1557446038733,"m":false,"M":true},{"e":"trade","E":1557446039152,"s":"BNBBTC","t":44511944,"p":"0.00303090","q":"10.53000000","b":160433428,"a":160433430,"T":1557446039147,"m":true,"M":true},{"e":"trade","E":1557446039152,"s":"BNBBTC","t":44511945,"p":"0.00303070","q":"1.06000000","b":160433423,"a":160433430,"T":1557446039147,"m":true,"M":true},{"e":"trade","E":1557446039602,"s":"BNBBTC","t":44511946,"p":"0.00303110","q":"1.99000000","b":160433433,"a":160433435,"T":1557446039596,"m":true,"M":true},{"e":"trade","E":1557446039602,"s":"BNBBTC","t":44511947,"p":"0.00303100","q":"8.24000000","b":160433431,"a":160433435,"T":1557446039596,"m":true,"M":true},{"e":"trade","E":1557446039602,"s":"BNBBTC","t":44511948,"p":"0.00303070","q":"29.77000000","b":160433427,"a":160433435,"T":1557446039596,"m":true,"M":true},{"e":"trade","E":1557446042337,"s":"BNBBTC","t":44511949,"p":"0.00303140","q":"1.00000000","b":160433495,"a":160433496,"T":1557446042333,"m":true,"M":true},{"e":"trade","E":1557446046543,"s":"BNBBTC","t":44511950,"p":"0.00303110","q":"6.29000000","b":160433518,"a":160433521,"T":1557446046538,"m":true,"M":true},{"e":"trade","E":1557446046544,"s":"BNBBTC","t":44511951,"p":"0.00303080","q":"8.24000000","b":160433509,"a":160433521,"T":1557446046538,"m":true,"M":true},{"e":"trade","E":1557446046544,"s":"BNBBTC","t":44511952,"p":"0.00303070","q":"4.18000000","b":160433427,"a":160433521,"T":1557446046538,"m":true,"M":true},{"e":"trade","E":1557446051444,"s":"BNBBTC","t":44511953,"p":"0.00303130","q":"1.06000000","b":160433609,"a":160433607,"T":1557446051438,"m":false,"M":true},{"e":"trade","E":1557446051909,"s":"BNBBTC","t":44511954,"p":"0.00303140","q":"8.24000000","b":160433613,"a":160433603,"T":1557446051901,"m":false,"M":true},{"e":"trade","E":1557446051909,"s":"BNBBTC","t":44511955,"p":"0.00303140","q":"9.84000000","b":160433613,"a":160433604,"T":1557446051901,"m":false,"M":true},{"e":"trade","E":1557446052029,"s":"BNBBTC","t":44511956,"p":"0.00303140","q":"2.42000000","b":160433615,"a":160433614,"T":1557446052024,"m":false,"M":true},{"e":"trade","E":1557446053335,"s":"BNBBTC","t":44511957,"p":"0.00303130","q":"8.24000000","b":160433632,"a":160433630,"T":1557446053329,"m":false,"M":true},{"e":"trade","E":1557446057753,"s":"BNBBTC","t":44511958,"p":"0.00303140","q":"2.00000000","b":160433654,"a":160433628,"T":1557446057749,"m":false,"M":true},{"e":"trade","E":1557446061398,"s":"BNBBTC","t":44511959,"p":"0.00303150","q":"1.49000000","b":160433669,"a":160433599,"T":1557446061393,"m":false,"M":true},{"e":"trade","E":1557446064233,"s":"BNBBTC","t":44511960,"p":"0.00303120","q":"4.02000000","b":160433678,"a":160433675,"T":1557446064228,"m":false,"M":true},{"e":"trade","E":1557446064987,"s":"BNBBTC","t":44511961,"p":"0.00303120","q":"21.43000000","b":160433681,"a":160433675,"T":1557446064981,"m":false,"M":true},{"e":"trade","E":1557446069198,"s":"BNBBTC","t":44511962,"p":"0.00302930","q":"3.26000000","b":160433706,"a":160433710,"T":1557446069193,"m":true,"M":true},{"e":"trade","E":1557446075698,"s":"BNBBTC","t":44511963,"p":"0.00302880","q":"5.12000000","b":160433736,"a":160433737,"T":1557446075693,"m":true,"M":true},{"e":"trade","E":1557446083530,"s":"BNBBTC","t":44511964,"p":"0.00302880","q":"8.24000000","b":160433755,"a":160433813,"T":1557446083524,"m":true,"M":true},{"e":"trade","E":1557446083530,"s":"BNBBTC","t":44511965,"p":"0.00302870","q":"14.53000000","b":160433735,"a":160433813,"T":1557446083524,"m":true,"M":true},{"e":"trade","E":1557446083530,"s":"BNBBTC","t":44511966,"p":"0.00302820","q":"77.23000000","b":160433419,"a":160433813,"T":1557446083524,"m":true,"M":true},{"e":"trade","E":1557446089165,"s":"BNBBTC","t":44511967,"p":"0.00302880","q":"2.90000000","b":160433832,"a":160433819,"T":1557446089160,"m":false,"M":true},{"e":"trade","E":1557446093880,"s":"BNBBTC","t":44511968,"p":"0.00302870","q":"3.83000000","b":160433836,"a":160433843,"T":1557446093874,"m":true,"M":true},{"e":"trade","E":1557446094399,"s":"BNBBTC","t":44511969,"p":"0.00302870","q":"1.30000000","b":160433836,"a":160433851,"T":1557446094394,"m":true,"M":true},{"e":"trade","E":1557446098267,"s":"BNBBTC","t":44511970,"p":"0.00302850","q":"8.25000000","b":160433861,"a":160433870,"T":1557446098261,"m":true,"M":true},{"e":"trade","E":1557446108119,"s":"BNBBTC","t":44511971,"p":"0.00303000","q":"5.40000000","b":160433887,"a":160433871,"T":1557446108111,"m":false,"M":true},{"e":"trade","E":1557446108119,"s":"BNBBTC","t":44511972,"p":"0.00303000","q":"3.26000000","b":160433887,"a":160433872,"T":1557446108111,"m":false,"M":true},{"e":"trade","E":1557446108119,"s":"BNBBTC","t":44511973,"p":"0.00303000","q":"1.29000000","b":160433887,"a":160433877,"T":1557446108111,"m":false,"M":true},{"e":"trade","E":1557446108119,"s":"BNBBTC","t":44511974,"p":"0.00303010","q":"2.19000000","b":160433887,"a":160433860,"T":1557446108111,"m":false,"M":true},{"e":"trade","E":1557446109553,"s":"BNBBTC","t":44511975,"p":"0.00303050","q":"9.58000000","b":160433902,"a":160433844,"T":1557446109546,"m":false,"M":true},{"e":"trade","E":1557446110112,"s":"BNBBTC","t":44511976,"p":"0.00303050","q":"33.43000000","b":160433906,"a":160433844,"T":1557446110107,"m":false,"M":true},{"e":"trade","E":1557446110112,"s":"BNBBTC","t":44511977,"p":"0.00303050","q":"25.09000000","b":160433906,"a":160433868,"T":1557446110107,"m":false,"M":true},{"e":"trade","E":1557446110255,"s":"BNBBTC","t":44511978,"p":"0.00303050","q":"24.91000000","b":160433910,"a":160433868,"T":1557446110251,"m":false,"M":true},{"e":"trade","E":1557446115721,"s":"BNBBTC","t":44511979,"p":"0.00303150","q":"5.00000000","b":160433953,"a":160433650,"T":1557446115715,"m":false,"M":true},{"e":"trade","E":1557446129133,"s":"BNBBTC","t":44511980,"p":"0.00303150","q":"1.03000000","b":160434027,"a":160434031,"T":1557446129127,"m":true,"M":true},{"e":"trade","E":1557446130284,"s":"BNBBTC","t":44511981,"p":"0.00303330","q":"0.35000000","b":160434053,"a":160434052,"T":1557446130280,"m":false,"M":true},{"e":"trade","E":1557446130396,"s":"BNBBTC","t":44511982,"p":"0.00303320","q":"18.92000000","b":160434056,"a":160434054,"T":1557446130390,"m":false,"M":true},{"e":"trade","E":1557446130396,"s":"BNBBTC","t":44511983,"p":"0.00303330","q":"2.01000000","b":160434056,"a":160434052,"T":1557446130390,"m":false,"M":true},{"e":"trade","E":1557446138259,"s":"BNBBTC","t":44511984,"p":"0.00303270","q":"2.29000000","b":160434104,"a":160434102,"T":1557446138255,"m":false,"M":true},{"e":"trade","E":1557446138577,"s":"BNBBTC","t":44511985,"p":"0.00303270","q":"2.50000000","b":160434106,"a":160434102,"T":1557446138572,"m":false,"M":true},{"e":"trade","E":1557446139166,"s":"BNBBTC","t":44511986,"p":"0.00303270","q":"3.45000000","b":160434108,"a":160434102,"T":1557446139161,"m":false,"M":true},{"e":"trade","E":1557446139166,"s":"BNBBTC","t":44511987,"p":"0.00303280","q":"4.22000000","b":160434108,"a":160434100,"T":1557446139161,"m":false,"M":true},{"e":"trade","E":1557446139189,"s":"BNBBTC","t":44511988,"p":"0.00303280","q":"2.14000000","b":160434110,"a":160434100,"T":1557446139185,"m":false,"M":true},{"e":"trade","E":1557446139263,"s":"BNBBTC","t":44511989,"p":"0.00303270","q":"2.20000000","b":160434114,"a":160434111,"T":1557446139257,"m":false,"M":true},{"e":"trade","E":1557446139491,"s":"BNBBTC","t":44511990,"p":"0.00303270","q":"2.02000000","b":160434117,"a":160434111,"T":1557446139484,"m":false,"M":true},{"e":"trade","E":1557446139491,"s":"BNBBTC","t":44511991,"p":"0.00303290","q":"0.78000000","b":160434117,"a":160434113,"T":1557446139484,"m":false,"M":true},{"e":"trade","E":1557446139571,"s":"BNBBTC","t":44511992,"p":"0.00303070","q":"2.93000000","b":160434097,"a":160434118,"T":1557446139566,"m":true,"M":true},{"e":"trade","E":1557446139571,"s":"BNBBTC","t":44511993,"p":"0.00303040","q":"8.24000000","b":160434101,"a":160434118,"T":1557446139566,"m":true,"M":true},{"e":"trade","E":1557446139571,"s":"BNBBTC","t":44511994,"p":"0.00303030","q":"3.39000000","b":160434095,"a":160434118,"T":1557446139566,"m":true,"M":true},{"e":"trade","E":1557446139571,"s":"BNBBTC","t":44511995,"p":"0.00303020","q":"4.06000000","b":160434088,"a":160434118,"T":1557446139566,"m":true,"M":true},{"e":"trade","E":1557446139580,"s":"BNBBTC","t":44511996,"p":"0.00303450","q":"2.51000000","b":160434120,"a":160434116,"T":1557446139575,"m":false,"M":true},{"e":"trade","E":1557446139583,"s":"BNBBTC","t":44511997,"p":"0.00303450","q":"0.73000000","b":160434121,"a":160434116,"T":1557446139579,"m":false,"M":true},{"e":"trade","E":1557446140131,"s":"BNBBTC","t":44511998,"p":"0.00303280","q":"2.79000000","b":160434140,"a":160434129,"T":1557446140126,"m":false,"M":true},{"e":"trade","E":1557446140161,"s":"BNBBTC","t":44511999,"p":"0.00303280","q":"1.99000000","b":160434141,"a":160434129,"T":1557446140157,"m":false,"M":true},{"e":"trade","E":1557446140478,"s":"BNBBTC","t":44512000,"p":"0.00303280","q":"2.78000000","b":160434149,"a":160434129,"T":1557446140473,"m":false,"M":true},{"e":"trade","E":1557446142005,"s":"BNBBTC","t":44512001,"p":"0.00303280","q":"3.39000000","b":160434163,"a":160434148,"T":1557446141998,"m":false,"M":true},{"e":"trade","E":1557446142005,"s":"BNBBTC","t":44512002,"p":"0.00303430","q":"8.61000000","b":160434163,"a":160434134,"T":1557446141998,"m":false,"M":true},{"e":"trade","E":1557446145260,"s":"BNBBTC","t":44512003,"p":"0.00303290","q":"6.16000000","b":160434181,"a":160434186,"T":1557446145255,"m":true,"M":true},{"e":"trade","E":1557446145260,"s":"BNBBTC","t":44512004,"p":"0.00303280","q":"1.38000000","b":160434176,"a":160434186,"T":1557446145255,"m":true,"M":true},{"e":"trade","E":1557446158163,"s":"BNBBTC","t":44512005,"p":"0.00303430","q":"1.00000000","b":160434224,"a":160434217,"T":1557446158157,"m":false,"M":true},{"e":"trade","E":1557446159923,"s":"BNBBTC","t":44512006,"p":"0.00303460","q":"8.39000000","b":160434232,"a":160434218,"T":1557446159917,"m":false,"M":true},{"e":"trade","E":1557446163792,"s":"BNBBTC","t":44512007,"p":"0.00303350","q":"2.48000000","b":160434244,"a":160434247,"T":1557446163788,"m":true,"M":true},{"e":"trade","E":1557446163792,"s":"BNBBTC","t":44512008,"p":"0.00303340","q":"7.69000000","b":160434241,"a":160434247,"T":1557446163788,"m":true,"M":true},{"e":"trade","E":1557446164269,"s":"BNBBTC","t":44512009,"p":"0.00303480","q":"8.23000000","b":160434252,"a":160434223,"T":1557446164263,"m":false,"M":true},{"e":"trade","E":1557446164269,"s":"BNBBTC","t":44512010,"p":"0.00303490","q":"9.98000000","b":160434252,"a":160433512,"T":1557446164263,"m":false,"M":true},{"e":"trade","E":1557446164337,"s":"BNBBTC","t":44512011,"p":"0.00303490","q":"15.02000000","b":160434254,"a":160433512,"T":1557446164332,"m":false,"M":true},{"e":"trade","E":1557446169049,"s":"BNBBTC","t":44512012,"p":"0.00303410","q":"9.40000000","b":160434288,"a":160434302,"T":1557446169040,"m":true,"M":true},{"e":"trade","E":1557446169049,"s":"BNBBTC","t":44512013,"p":"0.00303400","q":"8.23000000","b":160434282,"a":160434302,"T":1557446169040,"m":true,"M":true},{"e":"trade","E":1557446169049,"s":"BNBBTC","t":44512014,"p":"0.00303380","q":"11.77000000","b":160434270,"a":160434302,"T":1557446169040,"m":true,"M":true},{"e":"trade","E":1557446169049,"s":"BNBBTC","t":44512015,"p":"0.00303380","q":"11.77000000","b":160434272,"a":160434302,"T":1557446169040,"m":true,"M":true},{"e":"trade","E":1557446169049,"s":"BNBBTC","t":44512016,"p":"0.00303380","q":"11.77000000","b":160434273,"a":160434302,"T":1557446169040,"m":true,"M":true},{"e":"trade","E":1557446169049,"s":"BNBBTC","t":44512017,"p":"0.00303190","q":"9.83000000","b":160434299,"a":160434302,"T":1557446169040,"m":true,"M":true},{"e":"trade","E":1557446169049,"s":"BNBBTC","t":44512018,"p":"0.00303190","q":"3.39000000","b":160434300,"a":160434302,"T":1557446169040,"m":true,"M":true},{"e":"trade","E":1557446169049,"s":"BNBBTC","t":44512019,"p":"0.00303180","q":"13.65000000","b":160434298,"a":160434302,"T":1557446169040,"m":true,"M":true},{"e":"trade","E":1557446169049,"s":"BNBBTC","t":44512020,"p":"0.00303170","q":"77.93000000","b":160434296,"a":160434302,"T":1557446169040,"m":true,"M":true},{"e":"trade","E":1557446169049,"s":"BNBBTC","t":44512021,"p":"0.00303170","q":"82.26000000","b":160434297,"a":160434302,"T":1557446169040,"m":true,"M":true},{"e":"trade","E":1557446169049,"s":"BNBBTC","t":44512022,"p":"0.00303150","q":"20.00000000","b":160434266,"a":160434302,"T":1557446169040,"m":true,"M":true},{"e":"trade","E":1557446169049,"s":"BNBBTC","t":44512023,"p":"0.00303100","q":"59.85000000","b":160434281,"a":160434302,"T":1557446169040,"m":true,"M":true},{"e":"trade","E":1557446169049,"s":"BNBBTC","t":44512024,"p":"0.00303090","q":"4.36000000","b":160434265,"a":160434302,"T":1557446169040,"m":true,"M":true},{"e":"trade","E":1557446169049,"s":"BNBBTC","t":44512025,"p":"0.00303090","q":"128.83000000","b":160434274,"a":160434302,"T":1557446169040,"m":true,"M":true},{"e":"trade","E":1557446169049,"s":"BNBBTC","t":44512026,"p":"0.00303080","q":"100.15000000","b":160434194,"a":160434302,"T":1557446169040,"m":true,"M":true},{"e":"trade","E":1557446170252,"s":"BNBBTC","t":44512027,"p":"0.00303160","q":"4.70000000","b":160434332,"a":160434339,"T":1557446170248,"m":true,"M":true},{"e":"trade","E":1557446170630,"s":"BNBBTC","t":44512028,"p":"0.00303510","q":"0.68000000","b":160434345,"a":160434340,"T":1557446170624,"m":false,"M":true},{"e":"trade","E":1557446170630,"s":"BNBBTC","t":44512029,"p":"0.00303510","q":"9.83000000","b":160434345,"a":160434341,"T":1557446170624,"m":false,"M":true},{"e":"trade","E":1557446170630,"s":"BNBBTC","t":44512030,"p":"0.00303510","q":"1.10000000","b":160434345,"a":160434342,"T":1557446170624,"m":false,"M":true},{"e":"trade","E":1557446171118,"s":"BNBBTC","t":44512031,"p":"0.00303170","q":"8.23000000","b":160434352,"a":160434357,"T":1557446171114,"m":true,"M":true},{"e":"trade","E":1557446171118,"s":"BNBBTC","t":44512032,"p":"0.00303170","q":"8.23000000","b":160434353,"a":160434357,"T":1557446171114,"m":true,"M":true},{"e":"trade","E":1557446171118,"s":"BNBBTC","t":44512033,"p":"0.00303120","q":"20.00000000","b":160434312,"a":160434357,"T":1557446171114,"m":true,"M":true},{"e":"trade","E":1557446172444,"s":"BNBBTC","t":44512034,"p":"0.00303390","q":"1.21000000","b":160434406,"a":160434404,"T":1557446172440,"m":false,"M":true},{"e":"trade","E":1557446175527,"s":"BNBBTC","t":44512035,"p":"0.00303170","q":"5.00000000","b":160434465,"a":160434461,"T":1557446175522,"m":false,"M":true},{"e":"trade","E":1557446175631,"s":"BNBBTC","t":44512036,"p":"0.00303010","q":"4.28000000","b":160434430,"a":160434466,"T":1557446175626,"m":true,"M":true},{"e":"trade","E":1557446175631,"s":"BNBBTC","t":44512037,"p":"0.00303000","q":"5.29000000","b":160434407,"a":160434466,"T":1557446175626,"m":true,"M":true},{"e":"trade","E":1557446183120,"s":"BNBBTC","t":44512038,"p":"0.00303000","q":"1.75000000","b":160434494,"a":160434493,"T":1557446183116,"m":false,"M":true},{"e":"trade","E":1557446184435,"s":"BNBBTC","t":44512039,"p":"0.00303170","q":"0.34000000","b":160434503,"a":160434464,"T":1557446184429,"m":false,"M":true},{"e":"trade","E":1557446184972,"s":"BNBBTC","t":44512040,"p":"0.00302990","q":"8.40000000","b":160434289,"a":160434507,"T":1557446184966,"m":true,"M":true},{"e":"trade","E":1557446184972,"s":"BNBBTC","t":44512041,"p":"0.00302990","q":"7.55000000","b":160434293,"a":160434507,"T":1557446184966,"m":true,"M":true},{"e":"trade","E":1557446187371,"s":"BNBBTC","t":44512042,"p":"0.00303160","q":"3.05000000","b":160434543,"a":160434537,"T":1557446187365,"m":false,"M":true},{"e":"trade","E":1557446187371,"s":"BNBBTC","t":44512043,"p":"0.00303170","q":"4.92000000","b":160434543,"a":160434495,"T":1557446187365,"m":false,"M":true},{"e":"trade","E":1557446189156,"s":"BNBBTC","t":44512044,"p":"0.00303170","q":"11.54000000","b":160434547,"a":160434495,"T":1557446189151,"m":false,"M":true},{"e":"trade","E":1557446189156,"s":"BNBBTC","t":44512045,"p":"0.00303180","q":"9.82000000","b":160434547,"a":160434460,"T":1557446189151,"m":false,"M":true},{"e":"trade","E":1557446189252,"s":"BNBBTC","t":44512046,"p":"0.00303170","q":"5.29000000","b":160434553,"a":160434550,"T":1557446189247,"m":false,"M":true},{"e":"trade","E":1557446191713,"s":"BNBBTC","t":44512047,"p":"0.00303300","q":"1.30000000","b":160434603,"a":160434602,"T":1557446191707,"m":false,"M":true},{"e":"trade","E":1557446195871,"s":"BNBBTC","t":44512048,"p":"0.00303100","q":"0.51000000","b":160434626,"a":160434647,"T":1557446195865,"m":true,"M":true},{"e":"trade","E":1557446206193,"s":"BNBBTC","t":44512049,"p":"0.00303380","q":"8.24000000","b":160434779,"a":160434770,"T":1557446206188,"m":false,"M":true},{"e":"trade","E":1557446206193,"s":"BNBBTC","t":44512050,"p":"0.00303390","q":"0.10000000","b":160434779,"a":160434674,"T":1557446206188,"m":false,"M":true},{"e":"trade","E":1557446207519,"s":"BNBBTC","t":44512051,"p":"0.00303380","q":"0.44000000","b":160434809,"a":160434802,"T":1557446207515,"m":false,"M":true},{"e":"trade","E":1557446224710,"s":"BNBBTC","t":44512052,"p":"0.00303380","q":"0.43000000","b":160434962,"a":160434953,"T":1557446224704,"m":false,"M":true},{"e":"trade","E":1557446227505,"s":"BNBBTC","t":44512053,"p":"0.00303090","q":"5.03000000","b":160434964,"a":160434973,"T":1557446227500,"m":true,"M":true},{"e":"trade","E":1557446227505,"s":"BNBBTC","t":44512054,"p":"0.00303070","q":"3.34000000","b":160434960,"a":160434973,"T":1557446227500,"m":true,"M":true},{"e":"trade","E":1557446234452,"s":"BNBBTC","t":44512055,"p":"0.00303370","q":"5.94000000","b":160435030,"a":160434996,"T":1557446234445,"m":false,"M":true},{"e":"trade","E":1557446234561,"s":"BNBBTC","t":44512056,"p":"0.00303380","q":"6.03000000","b":160435032,"a":160434953,"T":1557446234557,"m":false,"M":true},{"e":"trade","E":1557446234705,"s":"BNBBTC","t":44512057,"p":"0.00303380","q":"0.42000000","b":160435034,"a":160434953,"T":1557446234697,"m":false,"M":true},{"e":"trade","E":1557446239919,"s":"BNBBTC","t":44512058,"p":"0.00303380","q":"1.00000000","b":160435059,"a":160434953,"T":1557446239913,"m":false,"M":true},{"e":"trade","E":1557446244195,"s":"BNBBTC","t":44512059,"p":"0.00303080","q":"8.24000000","b":160435006,"a":160435064,"T":1557446244185,"m":true,"M":true},{"e":"trade","E":1557446244195,"s":"BNBBTC","t":44512060,"p":"0.00303070","q":"32.81000000","b":160435003,"a":160435064,"T":1557446244185,"m":true,"M":true},{"e":"trade","E":1557446252242,"s":"BNBBTC","t":44512061,"p":"0.00303260","q":"6.07000000","b":160435147,"a":160435138,"T":1557446252237,"m":false,"M":true},{"e":"trade","E":1557446252835,"s":"BNBBTC","t":44512062,"p":"0.00303260","q":"2.17000000","b":160435148,"a":160435138,"T":1557446252827,"m":false,"M":true},{"e":"trade","E":1557446252977,"s":"BNBBTC","t":44512063,"p":"0.00303270","q":"70.00000000","b":160435150,"a":160435133,"T":1557446252969,"m":false,"M":true},{"e":"trade","E":1557446252977,"s":"BNBBTC","t":44512064,"p":"0.00303360","q":"17.88000000","b":160435150,"a":160435124,"T":1557446252969,"m":false,"M":true},{"e":"trade","E":1557446252977,"s":"BNBBTC","t":44512065,"p":"0.00303370","q":"30.67000000","b":160435150,"a":160435078,"T":1557446252969,"m":false,"M":true},{"e":"trade","E":1557446252994,"s":"BNBBTC","t":44512066,"p":"0.00303370","q":"7.14000000","b":160435152,"a":160435078,"T":1557446252989,"m":false,"M":true},{"e":"trade","E":1557446262033,"s":"BNBBTC","t":44512067,"p":"0.00303380","q":"87.14000000","b":160435193,"a":160434995,"T":1557446262027,"m":false,"M":true},{"e":"trade","E":1557446262033,"s":"BNBBTC","t":44512068,"p":"0.00303390","q":"55.06000000","b":160435193,"a":160434674,"T":1557446262027,"m":false,"M":true},{"e":"trade","E":1557446262051,"s":"BNBBTC","t":44512069,"p":"0.00303390","q":"8.52000000","b":160435194,"a":160434674,"T":1557446262047,"m":false,"M":true},{"e":"trade","E":1557446264344,"s":"BNBBTC","t":44512070,"p":"0.00303390","q":"6.53000000","b":160435221,"a":160434674,"T":1557446264340,"m":false,"M":true},{"e":"trade","E":1557446264572,"s":"BNBBTC","t":44512071,"p":"0.00303390","q":"9.43000000","b":160435222,"a":160434674,"T":1557446264566,"m":false,"M":true},{"e":"trade","E":1557446272496,"s":"BNBBTC","t":44512072,"p":"0.00303250","q":"28.29000000","b":160435248,"a":160435251,"T":1557446272492,"m":true,"M":true},{"e":"trade","E":1557446272497,"s":"BNBBTC","t":44512073,"p":"0.00303240","q":"11.77000000","b":160435246,"a":160435251,"T":1557446272492,"m":true,"M":true},{"e":"trade","E":1557446272953,"s":"BNBBTC","t":44512074,"p":"0.00303210","q":"9.94000000","b":160435253,"a":160435251,"T":1557446272944,"m":false,"M":true},{"e":"trade","E":1557446279609,"s":"BNBBTC","t":44512075,"p":"0.00303390","q":"2.54000000","b":160435270,"a":160434674,"T":1557446279603,"m":false,"M":true},{"e":"trade","E":1557446280086,"s":"BNBBTC","t":44512076,"p":"0.00303210","q":"3.40000000","b":160435264,"a":160435273,"T":1557446280077,"m":true,"M":true},{"e":"trade","E":1557446280086,"s":"BNBBTC","t":44512077,"p":"0.00303200","q":"8.24000000","b":160435257,"a":160435273,"T":1557446280077,"m":true,"M":true},{"e":"trade","E":1557446280086,"s":"BNBBTC","t":44512078,"p":"0.00303190","q":"6.59000000","b":160435233,"a":160435273,"T":1557446280077,"m":true,"M":true},{"e":"trade","E":1557446280086,"s":"BNBBTC","t":44512079,"p":"0.00303170","q":"14.60000000","b":160435232,"a":160435273,"T":1557446280077,"m":true,"M":true},{"e":"trade","E":1557446280086,"s":"BNBBTC","t":44512080,"p":"0.00303160","q":"70.00000000","b":160435214,"a":160435273,"T":1557446280077,"m":true,"M":true},{"e":"trade","E":1557446280086,"s":"BNBBTC","t":44512081,"p":"0.00302920","q":"82.82000000","b":160435263,"a":160435273,"T":1557446280077,"m":true,"M":true},{"e":"trade","E":1557446280086,"s":"BNBBTC","t":44512082,"p":"0.00302920","q":"28.55000000","b":160435265,"a":160435273,"T":1557446280077,"m":true,"M":true},{"e":"trade","E":1557446280086,"s":"BNBBTC","t":44512083,"p":"0.00302910","q":"128.45000000","b":160435261,"a":160435273,"T":1557446280077,"m":true,"M":true},{"e":"trade","E":1557446280086,"s":"BNBBTC","t":44512084,"p":"0.00302900","q":"9.85000000","b":160435252,"a":160435273,"T":1557446280077,"m":true,"M":true},{"e":"trade","E":1557446280086,"s":"BNBBTC","t":44512085,"p":"0.00302890","q":"13.00000000","b":160434107,"a":160435273,"T":1557446280077,"m":true,"M":true},{"e":"trade","E":1557446280086,"s":"BNBBTC","t":44512086,"p":"0.00302850","q":"77.81000000","b":160435238,"a":160435273,"T":1557446280077,"m":true,"M":true},{"e":"trade","E":1557446280086,"s":"BNBBTC","t":44512087,"p":"0.00302830","q":"64.48000000","b":160435210,"a":160435273,"T":1557446280077,"m":true,"M":true},{"e":"trade","E":1557446280086,"s":"BNBBTC","t":44512088,"p":"0.00302820","q":"74.45000000","b":160435200,"a":160435273,"T":1557446280077,"m":true,"M":true},{"e":"trade","E":1557446280086,"s":"BNBBTC","t":44512089,"p":"0.00302810","q":"3.84000000","b":160433345,"a":160435273,"T":1557446280077,"m":true,"M":true},{"e":"trade","E":1557446280086,"s":"BNBBTC","t":44512090,"p":"0.00302800","q":"20.00000000","b":160435249,"a":160435273,"T":1557446280077,"m":true,"M":true},{"e":"trade","E":1557446280086,"s":"BNBBTC","t":44512091,"p":"0.00302730","q":"63.89000000","b":160435201,"a":160435273,"T":1557446280077,"m":true,"M":true},{"e":"trade","E":1557446280086,"s":"BNBBTC","t":44512092,"p":"0.00302620","q":"76.71000000","b":160434932,"a":160435273,"T":1557446280077,"m":true,"M":true},{"e":"trade","E":1557446280086,"s":"BNBBTC","t":44512093,"p":"0.00302170","q":"82.90000000","b":160428399,"a":160435273,"T":1557446280077,"m":true,"M":true},{"e":"trade","E":1557446282123,"s":"BNBBTC","t":44512094,"p":"0.00302950","q":"8.24000000","b":160435331,"a":160435362,"T":1557446282118,"m":true,"M":true},{"e":"trade","E":1557446282123,"s":"BNBBTC","t":44512095,"p":"0.00302940","q":"10.51000000","b":160435328,"a":160435362,"T":1557446282118,"m":true,"M":true},{"e":"trade","E":1557446282840,"s":"BNBBTC","t":44512096,"p":"0.00302980","q":"8.24000000","b":160435371,"a":160435385,"T":1557446282835,"m":true,"M":true},{"e":"trade","E":1557446282905,"s":"BNBBTC","t":44512097,"p":"0.00302990","q":"7.03000000","b":160435388,"a":160435391,"T":1557446282900,"m":true,"M":true},{"e":"trade","E":1557446285222,"s":"BNBBTC","t":44512098,"p":"0.00302650","q":"1.62000000","b":160435434,"a":160435439,"T":1557446285215,"m":true,"M":true},{"e":"trade","E":1557446289059,"s":"BNBBTC","t":44512099,"p":"0.00303050","q":"1.85000000","b":160435493,"a":160435485,"T":1557446289054,"m":false,"M":true},{"e":"trade","E":1557446290527,"s":"BNBBTC","t":44512100,"p":"0.00303010","q":"2.00000000","b":160435528,"a":160435527,"T":1557446290521,"m":false,"M":true},{"e":"trade","E":1557446290621,"s":"BNBBTC","t":44512101,"p":"0.00303010","q":"2.80000000","b":160435534,"a":160435530,"T":1557446290616,"m":false,"M":true},{"e":"trade","E":1557446291057,"s":"BNBBTC","t":44512102,"p":"0.00302960","q":"9.85000000","b":160435552,"a":160435550,"T":1557446291052,"m":false,"M":true},{"e":"trade","E":1557446291057,"s":"BNBBTC","t":44512103,"p":"0.00302980","q":"0.35000000","b":160435552,"a":160435546,"T":1557446291052,"m":false,"M":true},{"e":"trade","E":1557446291103,"s":"BNBBTC","t":44512104,"p":"0.00302950","q":"2.51000000","b":160435556,"a":160435553,"T":1557446291097,"m":false,"M":true},{"e":"trade","E":1557446291295,"s":"BNBBTC","t":44512105,"p":"0.00302610","q":"0.35000000","b":160435559,"a":160435565,"T":1557446291288,"m":true,"M":true},{"e":"trade","E":1557446291295,"s":"BNBBTC","t":44512106,"p":"0.00302600","q":"4.35000000","b":160435551,"a":160435565,"T":1557446291288,"m":true,"M":true},{"e":"trade","E":1557446291332,"s":"BNBBTC","t":44512107,"p":"0.00302940","q":"1.58000000","b":160435568,"a":160435564,"T":1557446291328,"m":false,"M":true},{"e":"trade","E":1557446300150,"s":"BNBBTC","t":44512108,"p":"0.00302880","q":"1.82000000","b":160435697,"a":160435656,"T":1557446300145,"m":false,"M":true},{"e":"trade","E":1557446300150,"s":"BNBBTC","t":44512109,"p":"0.00302890","q":"8.25000000","b":160435697,"a":160435654,"T":1557446300145,"m":false,"M":true},{"e":"trade","E":1557446300150,"s":"BNBBTC","t":44512110,"p":"0.00302900","q":"15.97000000","b":160435697,"a":160435653,"T":1557446300145,"m":false,"M":true},{"e":"trade","E":1557446301139,"s":"BNBBTC","t":44512111,"p":"0.00302890","q":"7.27000000","b":160435720,"a":160435703,"T":1557446301134,"m":false,"M":true},{"e":"trade","E":1557446301139,"s":"BNBBTC","t":44512112,"p":"0.00302890","q":"1.82000000","b":160435720,"a":160435706,"T":1557446301134,"m":false,"M":true},{"e":"trade","E":1557446307144,"s":"BNBBTC","t":44512113,"p":"0.00302900","q":"9.38000000","b":160435788,"a":160435731,"T":1557446307138,"m":false,"M":true},{"e":"trade","E":1557446307144,"s":"BNBBTC","t":44512114,"p":"0.00302900","q":"1.38000000","b":160435788,"a":160435755,"T":1557446307138,"m":false,"M":true},{"e":"trade","E":1557446307254,"s":"BNBBTC","t":44512115,"p":"0.00302900","q":"5.39000000","b":160435792,"a":160435755,"T":1557446307247,"m":false,"M":true},{"e":"trade","E":1557446310909,"s":"BNBBTC","t":44512116,"p":"0.00302890","q":"15.09000000","b":160435817,"a":160435802,"T":1557446310904,"m":false,"M":true},{"e":"trade","E":1557446313199,"s":"BNBBTC","t":44512117,"p":"0.00302890","q":"0.57000000","b":160435838,"a":160435802,"T":1557446313194,"m":false,"M":true},{"e":"trade","E":1557446314242,"s":"BNBBTC","t":44512118,"p":"0.00302880","q":"64.27000000","b":160435843,"a":160435842,"T":1557446314239,"m":false,"M":true},{"e":"trade","E":1557446318184,"s":"BNBBTC","t":44512119,"p":"0.00302890","q":"16.67000000","b":160435867,"a":160435857,"T":1557446318180,"m":false,"M":true},{"e":"trade","E":1557446318275,"s":"BNBBTC","t":44512120,"p":"0.00302890","q":"9.37000000","b":160435869,"a":160435857,"T":1557446318271,"m":false,"M":true},{"e":"trade","E":1557446318396,"s":"BNBBTC","t":44512121,"p":"0.00302890","q":"3.53000000","b":160435870,"a":160435857,"T":1557446318389,"m":false,"M":true},{"e":"trade","E":1557446318522,"s":"BNBBTC","t":44512122,"p":"0.00302890","q":"1.76000000","b":160435873,"a":160435857,"T":1557446318518,"m":false,"M":true},{"e":"trade","E":1557446321159,"s":"BNBBTC","t":44512123,"p":"0.00302890","q":"11.12000000","b":160435895,"a":160435857,"T":1557446321153,"m":false,"M":true},{"e":"trade","E":1557446331139,"s":"BNBBTC","t":44512124,"p":"0.00302940","q":"9.88000000","b":160436039,"a":160436036,"T":1557446331133,"m":false,"M":true},{"e":"trade","E":1557446331330,"s":"BNBBTC","t":44512125,"p":"0.00302940","q":"6.57000000","b":160436043,"a":160436036,"T":1557446331325,"m":false,"M":true},{"e":"trade","E":1557446331444,"s":"BNBBTC","t":44512126,"p":"0.00302940","q":"4.38000000","b":160436045,"a":160436036,"T":1557446331440,"m":false,"M":true},{"e":"trade","E":1557446331583,"s":"BNBBTC","t":44512127,"p":"0.00302940","q":"2.92000000","b":160436046,"a":160436036,"T":1557446331578,"m":false,"M":true},{"e":"trade","E":1557446331738,"s":"BNBBTC","t":44512128,"p":"0.00302940","q":"1.95000000","b":160436048,"a":160436036,"T":1557446331732,"m":false,"M":true},{"e":"trade","E":1557446332106,"s":"BNBBTC","t":44512129,"p":"0.00302940","q":"0.48000000","b":160436050,"a":160436036,"T":1557446332100,"m":false,"M":true},{"e":"trade","E":1557446340931,"s":"BNBBTC","t":44512130,"p":"0.00302990","q":"5.81000000","b":160436105,"a":160436103,"T":1557446340925,"m":false,"M":true},{"e":"trade","E":1557446340931,"s":"BNBBTC","t":44512131,"p":"0.00302990","q":"23.52000000","b":160436105,"a":160436104,"T":1557446340925,"m":false,"M":true},{"e":"trade","E":1557446341041,"s":"BNBBTC","t":44512132,"p":"0.00302990","q":"1.19000000","b":160436108,"a":160436104,"T":1557446341037,"m":false,"M":true},{"e":"trade","E":1557446341041,"s":"BNBBTC","t":44512133,"p":"0.00303000","q":"9.60000000","b":160436108,"a":160436100,"T":1557446341037,"m":false,"M":true},{"e":"trade","E":1557446341227,"s":"BNBBTC","t":44512134,"p":"0.00303000","q":"10.38000000","b":160436114,"a":160436100,"T":1557446341221,"m":false,"M":true},{"e":"trade","E":1557446341396,"s":"BNBBTC","t":44512135,"p":"0.00303000","q":"3.72000000","b":160436115,"a":160436100,"T":1557446341391,"m":false,"M":true},{"e":"trade","E":1557446341915,"s":"BNBBTC","t":44512136,"p":"0.00303000","q":"2.48000000","b":160436118,"a":160436100,"T":1557446341910,"m":false,"M":true},{"e":"trade","E":1557446342096,"s":"BNBBTC","t":44512137,"p":"0.00303000","q":"1.66000000","b":160436119,"a":160436100,"T":1557446342091,"m":false,"M":true},{"e":"trade","E":1557446348784,"s":"BNBBTC","t":44512138,"p":"0.00303000","q":"302.08000000","b":160436197,"a":160436100,"T":1557446348779,"m":false,"M":true},{"e":"trade","E":1557446348784,"s":"BNBBTC","t":44512139,"p":"0.00303190","q":"70.00000000","b":160436197,"a":160436011,"T":1557446348779,"m":false,"M":true},{"e":"trade","E":1557446348784,"s":"BNBBTC","t":44512140,"p":"0.00303190","q":"50.00000000","b":160436197,"a":160436058,"T":1557446348779,"m":false,"M":true},{"e":"trade","E":1557446348784,"s":"BNBBTC","t":44512141,"p":"0.00303190","q":"5.00000000","b":160436197,"a":160436082,"T":1557446348779,"m":false,"M":true},{"e":"trade","E":1557446348808,"s":"BNBBTC","t":44512142,"p":"0.00303300","q":"572.92000000","b":160436197,"a":160436199,"T":1557446348803,"m":true,"M":true},{"e":"trade","E":1557446352164,"s":"BNBBTC","t":44512143,"p":"0.00303350","q":"11.79000000","b":160436259,"a":160435738,"T":1557446352160,"m":false,"M":true},{"e":"trade","E":1557446352275,"s":"BNBBTC","t":44512144,"p":"0.00303350","q":"5.90000000","b":160436262,"a":160435738,"T":1557446352269,"m":false,"M":true},{"e":"trade","E":1557446352394,"s":"BNBBTC","t":44512145,"p":"0.00303350","q":"2.96000000","b":160436265,"a":160435738,"T":1557446352389,"m":false,"M":true},{"e":"trade","E":1557446352608,"s":"BNBBTC","t":44512146,"p":"0.00303350","q":"4.63000000","b":160436267,"a":160435738,"T":1557446352601,"m":false,"M":true},{"e":"trade","E":1557446352712,"s":"BNBBTC","t":44512147,"p":"0.00303350","q":"8.62000000","b":160436269,"a":160435738,"T":1557446352706,"m":false,"M":true},{"e":"trade","E":1557446352747,"s":"BNBBTC","t":44512148,"p":"0.00303350","q":"55.21000000","b":160436270,"a":160435738,"T":1557446352739,"m":false,"M":true},{"e":"trade","E":1557446352980,"s":"BNBBTC","t":44512149,"p":"0.00303350","q":"8.62000000","b":160436274,"a":160435738,"T":1557446352976,"m":false,"M":true},{"e":"trade","E":1557446353144,"s":"BNBBTC","t":44512150,"p":"0.00303350","q":"4.31000000","b":160436278,"a":160435738,"T":1557446353140,"m":false,"M":true},{"e":"trade","E":1557446353519,"s":"BNBBTC","t":44512151,"p":"0.00303350","q":"12.14000000","b":160436285,"a":160435738,"T":1557446353514,"m":false,"M":true},{"e":"trade","E":1557446360917,"s":"BNBBTC","t":44512152,"p":"0.00303350","q":"0.83000000","b":160436337,"a":160435738,"T":1557446360912,"m":false,"M":true},{"e":"trade","E":1557446365231,"s":"BNBBTC","t":44512153,"p":"0.00303350","q":"7.19000000","b":160436363,"a":160435738,"T":1557446365227,"m":false,"M":true},{"e":"trade","E":1557446365231,"s":"BNBBTC","t":44512154,"p":"0.00303350","q":"6.30000000","b":160436363,"a":160436320,"T":1557446365227,"m":false,"M":true},{"e":"trade","E":1557446366499,"s":"BNBBTC","t":44512155,"p":"0.00303350","q":"7.21000000","b":160436370,"a":160436320,"T":1557446366493,"m":false,"M":true},{"e":"trade","E":1557446366524,"s":"BNBBTC","t":44512156,"p":"0.00303350","q":"38.52000000","b":160436371,"a":160436320,"T":1557446366519,"m":false,"M":true},{"e":"trade","E":1557446366524,"s":"BNBBTC","t":44512157,"p":"0.00303350","q":"5.00000000","b":160436371,"a":160436326,"T":1557446366519,"m":false,"M":true},{"e":"trade","E":1557446366980,"s":"BNBBTC","t":44512158,"p":"0.00303390","q":"8.97000000","b":160436377,"a":160434674,"T":1557446366973,"m":false,"M":true},{"e":"trade","E":1557446367133,"s":"BNBBTC","t":44512159,"p":"0.00303390","q":"5.98000000","b":160436381,"a":160434674,"T":1557446367129,"m":false,"M":true},{"e":"trade","E":1557446367303,"s":"BNBBTC","t":44512160,"p":"0.00303390","q":"3.98000000","b":160436384,"a":160434674,"T":1557446367298,"m":false,"M":true},{"e":"trade","E":1557446367400,"s":"BNBBTC","t":44512161,"p":"0.00303390","q":"2.65000000","b":160436386,"a":160434674,"T":1557446367393,"m":false,"M":true},{"e":"trade","E":1557446367502,"s":"BNBBTC","t":44512162,"p":"0.00303390","q":"1.77000000","b":160436388,"a":160434674,"T":1557446367498,"m":false,"M":true},{"e":"trade","E":1557446369156,"s":"BNBBTC","t":44512163,"p":"0.00303390","q":"1.25000000","b":160436407,"a":160434674,"T":1557446369151,"m":false,"M":true},{"e":"trade","E":1557446369156,"s":"BNBBTC","t":44512164,"p":"0.00303490","q":"1.00000000","b":160436407,"a":160434682,"T":1557446369151,"m":false,"M":true},{"e":"trade","E":1557446369156,"s":"BNBBTC","t":44512165,"p":"0.00303490","q":"2.14000000","b":160436407,"a":160434948,"T":1557446369151,"m":false,"M":true},{"e":"trade","E":1557446372283,"s":"BNBBTC","t":44512166,"p":"0.00303490","q":"5.60000000","b":160436446,"a":160434948,"T":1557446372277,"m":false,"M":true},{"e":"trade","E":1557446373073,"s":"BNBBTC","t":44512167,"p":"0.00303490","q":"2.00000000","b":160436457,"a":160434948,"T":1557446373068,"m":false,"M":true},{"e":"trade","E":1557446389379,"s":"BNBBTC","t":44512168,"p":"0.00303490","q":"251.65000000","b":160436536,"a":160434948,"T":1557446389371,"m":false,"M":true},{"e":"trade","E":1557446389379,"s":"BNBBTC","t":44512169,"p":"0.00303490","q":"30.60000000","b":160436536,"a":160436468,"T":1557446389371,"m":false,"M":true},{"e":"trade","E":1557446389379,"s":"BNBBTC","t":44512170,"p":"0.00303580","q":"20.00000000","b":160436536,"a":160436486,"T":1557446389371,"m":false,"M":true},{"e":"trade","E":1557446389379,"s":"BNBBTC","t":44512171,"p":"0.00303580","q":"58.48000000","b":160436536,"a":160436491,"T":1557446389371,"m":false,"M":true},{"e":"trade","E":1557446389379,"s":"BNBBTC","t":44512172,"p":"0.00303590","q":"21.38000000","b":160436536,"a":160436290,"T":1557446389371,"m":false,"M":true},{"e":"trade","E":1557446389379,"s":"BNBBTC","t":44512173,"p":"0.00303620","q":"5.00000000","b":160436536,"a":160432971,"T":1557446389371,"m":false,"M":true},{"e":"trade","E":1557446389379,"s":"BNBBTC","t":44512174,"p":"0.00303650","q":"91.69000000","b":160436536,"a":160430469,"T":1557446389371,"m":false,"M":true},{"e":"trade","E":1557446389379,"s":"BNBBTC","t":44512175,"p":"0.00303650","q":"18.48000000","b":160436536,"a":160433105,"T":1557446389371,"m":false,"M":true},{"e":"trade","E":1557446389379,"s":"BNBBTC","t":44512176,"p":"0.00303660","q":"1.18000000","b":160436536,"a":160426442,"T":1557446389371,"m":false,"M":true},{"e":"trade","E":1557446389379,"s":"BNBBTC","t":44512177,"p":"0.00303670","q":"136.03000000","b":160436536,"a":160424332,"T":1557446389371,"m":false,"M":true},{"e":"trade","E":1557446389379,"s":"BNBBTC","t":44512178,"p":"0.00303720","q":"1.00000000","b":160436536,"a":160430152,"T":1557446389371,"m":false,"M":true},{"e":"trade","E":1557446389379,"s":"BNBBTC","t":44512179,"p":"0.00303720","q":"64.51000000","b":160436536,"a":160436518,"T":1557446389371,"m":false,"M":true},{"e":"trade","E":1557446389897,"s":"BNBBTC","t":44512180,"p":"0.00303370","q":"4.84000000","b":160436541,"a":160436551,"T":1557446389892,"m":true,"M":true},{"e":"trade","E":1557446394540,"s":"BNBBTC","t":44512181,"p":"0.00303450","q":"8.89000000","b":160436598,"a":160436608,"T":1557446394532,"m":true,"M":true},{"e":"trade","E":1557446394540,"s":"BNBBTC","t":44512182,"p":"0.00303440","q":"28.14000000","b":160436595,"a":160436608,"T":1557446394532,"m":true,"M":true},{"e":"trade","E":1557446394540,"s":"BNBBTC","t":44512183,"p":"0.00303410","q":"70.00000000","b":160436571,"a":160436608,"T":1557446394532,"m":true,"M":true},{"e":"trade","E":1557446394540,"s":"BNBBTC","t":44512184,"p":"0.00303320","q":"0.33000000","b":160436490,"a":160436608,"T":1557446394532,"m":true,"M":true},{"e":"trade","E":1557446394540,"s":"BNBBTC","t":44512185,"p":"0.00303050","q":"5.21000000","b":160436593,"a":160436608,"T":1557446394532,"m":true,"M":true},{"e":"trade","E":1557446394540,"s":"BNBBTC","t":44512186,"p":"0.00303040","q":"9.83000000","b":160436592,"a":160436608,"T":1557446394532,"m":true,"M":true},{"e":"trade","E":1557446394540,"s":"BNBBTC","t":44512187,"p":"0.00303030","q":"82.66000000","b":160436587,"a":160436608,"T":1557446394532,"m":true,"M":true},{"e":"trade","E":1557446394540,"s":"BNBBTC","t":44512188,"p":"0.00303020","q":"81.88000000","b":160436559,"a":160436608,"T":1557446394532,"m":true,"M":true},{"e":"trade","E":1557446394540,"s":"BNBBTC","t":44512189,"p":"0.00303020","q":"28.51000000","b":160436589,"a":160436608,"T":1557446394532,"m":true,"M":true},{"e":"trade","E":1557446394540,"s":"BNBBTC","t":44512190,"p":"0.00303010","q":"20.00000000","b":160436543,"a":160436608,"T":1557446394532,"m":true,"M":true},{"e":"trade","E":1557446394540,"s":"BNBBTC","t":44512191,"p":"0.00302970","q":"64.06000000","b":160436509,"a":160436608,"T":1557446394532,"m":true,"M":true},{"e":"trade","E":1557446394540,"s":"BNBBTC","t":44512192,"p":"0.00302930","q":"129.85000000","b":160436487,"a":160436608,"T":1557446394532,"m":true,"M":true},{"e":"trade","E":1557446394540,"s":"BNBBTC","t":44512193,"p":"0.00302910","q":"75.55000000","b":160436482,"a":160436608,"T":1557446394532,"m":true,"M":true},{"e":"trade","E":1557446394540,"s":"BNBBTC","t":44512194,"p":"0.00302910","q":"64.00000000","b":160436483,"a":160436608,"T":1557446394532,"m":true,"M":true},{"e":"trade","E":1557446394540,"s":"BNBBTC","t":44512195,"p":"0.00302880","q":"28.26000000","b":160436557,"a":160436608,"T":1557446394532,"m":true,"M":true},{"e":"trade","E":1557446394540,"s":"BNBBTC","t":44512196,"p":"0.00302540","q":"81.31000000","b":160436311,"a":160436608,"T":1557446394532,"m":true,"M":true},{"e":"trade","E":1557446394540,"s":"BNBBTC","t":44512197,"p":"0.00302230","q":"23.01000000","b":160436538,"a":160436608,"T":1557446394532,"m":true,"M":true},{"e":"trade","E":1557446394540,"s":"BNBBTC","t":44512198,"p":"0.00302210","q":"22.56000000","b":160435866,"a":160436608,"T":1557446394532,"m":true,"M":true},{"e":"trade","E":1557446394540,"s":"BNBBTC","t":44512199,"p":"0.00302210","q":"4.92000000","b":160436600,"a":160436608,"T":1557446394532,"m":true,"M":true},{"e":"trade","E":1557446395147,"s":"BNBBTC","t":44512200,"p":"0.00303270","q":"2.73000000","b":160436658,"a":160436657,"T":1557446395143,"m":false,"M":true},{"e":"trade","E":1557446398467,"s":"BNBBTC","t":44512201,"p":"0.00303000","q":"3.39000000","b":160436803,"a":160436798,"T":1557446398462,"m":false,"M":true},{"e":"trade","E":1557446398660,"s":"BNBBTC","t":44512202,"p":"0.00303010","q":"1.55000000","b":160436807,"a":160436795,"T":1557446398655,"m":false,"M":true},{"e":"trade","E":1557446398870,"s":"BNBBTC","t":44512203,"p":"0.00303010","q":"2.09000000","b":160436812,"a":160436795,"T":1557446398863,"m":false,"M":true},{"e":"trade","E":1557446399137,"s":"BNBBTC","t":44512204,"p":"0.00303010","q":"1.39000000","b":160436816,"a":160436797,"T":1557446399130,"m":false,"M":true},{"e":"trade","E":1557446399289,"s":"BNBBTC","t":44512205,"p":"0.00303010","q":"8.67000000","b":160436827,"a":160436819,"T":1557446399282,"m":false,"M":true},{"e":"trade","E":1557446399403,"s":"BNBBTC","t":44512206,"p":"0.00303010","q":"5.78000000","b":160436829,"a":160436819,"T":1557446399400,"m":false,"M":true},{"e":"trade","E":1557446399568,"s":"BNBBTC","t":44512207,"p":"0.00303000","q":"1.39000000","b":160436818,"a":160436835,"T":1557446399563,"m":true,"M":true},{"e":"trade","E":1557446399670,"s":"BNBBTC","t":44512208,"p":"0.00302980","q":"10.09000000","b":160436840,"a":160436837,"T":1557446399664,"m":false,"M":true},{"e":"trade","E":1557446399670,"s":"BNBBTC","t":44512209,"p":"0.00302990","q":"0.66000000","b":160436840,"a":160436835,"T":1557446399664,"m":false,"M":true},{"e":"trade","E":1557446399795,"s":"BNBBTC","t":44512210,"p":"0.00302990","q":"5.38000000","b":160436843,"a":160436835,"T":1557446399788,"m":false,"M":true},{"e":"trade","E":1557446399929,"s":"BNBBTC","t":44512211,"p":"0.00302990","q":"2.70000000","b":160436844,"a":160436835,"T":1557446399922,"m":false,"M":true},{"e":"trade","E":1557446400048,"s":"BNBBTC","t":44512212,"p":"0.00302990","q":"1.35000000","b":160436849,"a":160436835,"T":1557446400041,"m":false,"M":true},{"e":"trade","E":1557446400529,"s":"BNBBTC","t":44512213,"p":"0.00303170","q":"3.39000000","b":160436864,"a":160436851,"T":1557446400525,"m":false,"M":true},{"e":"trade","E":1557446400634,"s":"BNBBTC","t":44512214,"p":"0.00303170","q":"3.71000000","b":160436872,"a":160436851,"T":1557446400630,"m":false,"M":true},{"e":"trade","E":1557446400730,"s":"BNBBTC","t":44512215,"p":"0.00303180","q":"6.13000000","b":160436878,"a":160436719,"T":1557446400726,"m":false,"M":true},{"e":"trade","E":1557446401341,"s":"BNBBTC","t":44512216,"p":"0.00303180","q":"16.87000000","b":160436910,"a":160436719,"T":1557446401335,"m":false,"M":true},{"e":"trade","E":1557446402513,"s":"BNBBTC","t":44512217,"p":"0.00302820","q":"3.40000000","b":160436935,"a":160436950,"T":1557446402507,"m":true,"M":true},{"e":"trade","E":1557446402513,"s":"BNBBTC","t":44512218,"p":"0.00302810","q":"0.24000000","b":160436934,"a":160436950,"T":1557446402507,"m":true,"M":true},{"e":"trade","E":1557446405492,"s":"BNBBTC","t":44512219,"p":"0.00302880","q":"9.60000000","b":160436994,"a":160436997,"T":1557446405485,"m":true,"M":true},{"e":"trade","E":1557446405492,"s":"BNBBTC","t":44512220,"p":"0.00302870","q":"28.89000000","b":160436989,"a":160436997,"T":1557446405485,"m":true,"M":true},{"e":"trade","E":1557446405492,"s":"BNBBTC","t":44512221,"p":"0.00302870","q":"50.29000000","b":160436992,"a":160436997,"T":1557446405485,"m":true,"M":true},{"e":"trade","E":1557446405492,"s":"BNBBTC","t":44512222,"p":"0.00302850","q":"11.77000000","b":160436970,"a":160436997,"T":1557446405485,"m":true,"M":true},{"e":"trade","E":1557446405492,"s":"BNBBTC","t":44512223,"p":"0.00302850","q":"11.77000000","b":160436971,"a":160436997,"T":1557446405485,"m":true,"M":true},{"e":"trade","E":1557446405492,"s":"BNBBTC","t":44512224,"p":"0.00302830","q":"11.77000000","b":160436961,"a":160436997,"T":1557446405485,"m":true,"M":true},{"e":"trade","E":1557446405492,"s":"BNBBTC","t":44512225,"p":"0.00302800","q":"70.00000000","b":160436898,"a":160436997,"T":1557446405485,"m":true,"M":true},{"e":"trade","E":1557446405492,"s":"BNBBTC","t":44512226,"p":"0.00302690","q":"1.41000000","b":160436996,"a":160436997,"T":1557446405485,"m":true,"M":true},{"e":"trade","E":1557446405492,"s":"BNBBTC","t":44512227,"p":"0.00302680","q":"28.89000000","b":160436939,"a":160436997,"T":1557446405485,"m":true,"M":true},{"e":"trade","E":1557446405492,"s":"BNBBTC","t":44512228,"p":"0.00302650","q":"8.90000000","b":160436771,"a":160436997,"T":1557446405485,"m":true,"M":true},{"e":"trade","E":1557446405492,"s":"BNBBTC","t":44512229,"p":"0.00302650","q":"8.65000000","b":160436918,"a":160436997,"T":1557446405485,"m":true,"M":true},{"e":"trade","E":1557446405492,"s":"BNBBTC","t":44512230,"p":"0.00302620","q":"6.37000000","b":160436846,"a":160436997,"T":1557446405485,"m":true,"M":true},{"e":"trade","E":1557446406381,"s":"BNBBTC","t":44512231,"p":"0.00302620","q":"68.44000000","b":160436846,"a":160437028,"T":1557446406375,"m":true,"M":true},{"e":"trade","E":1557446408797,"s":"BNBBTC","t":44512232,"p":"0.00302930","q":"1.20000000","b":160437113,"a":160437111,"T":1557446408793,"m":false,"M":true},{"e":"trade","E":1557446409090,"s":"BNBBTC","t":44512233,"p":"0.00302890","q":"5.80000000","b":160437123,"a":160437120,"T":1557446409085,"m":false,"M":true},{"e":"trade","E":1557446409202,"s":"BNBBTC","t":44512234,"p":"0.00302860","q":"1.00000000","b":160437081,"a":160437131,"T":1557446409197,"m":true,"M":true},{"e":"trade","E":1557446409268,"s":"BNBBTC","t":44512235,"p":"0.00302830","q":"8.69000000","b":160437137,"a":160437134,"T":1557446409264,"m":false,"M":true},{"e":"trade","E":1557446409334,"s":"BNBBTC","t":44512236,"p":"0.00302830","q":"8.69000000","b":160437140,"a":160437134,"T":1557446409330,"m":false,"M":true},{"e":"trade","E":1557446409337,"s":"BNBBTC","t":44512237,"p":"0.00302830","q":"2.32000000","b":160437141,"a":160437134,"T":1557446409333,"m":false,"M":true},{"e":"trade","E":1557446409337,"s":"BNBBTC","t":44512238,"p":"0.00302840","q":"11.77000000","b":160437141,"a":160437131,"T":1557446409333,"m":false,"M":true},{"e":"trade","E":1557446409337,"s":"BNBBTC","t":44512239,"p":"0.00302880","q":"5.22000000","b":160437141,"a":160437124,"T":1557446409333,"m":false,"M":true},{"e":"trade","E":1557446409337,"s":"BNBBTC","t":44512240,"p":"0.00302880","q":"0.39000000","b":160437141,"a":160437126,"T":1557446409333,"m":false,"M":true},{"e":"trade","E":1557446409453,"s":"BNBBTC","t":44512241,"p":"0.00302880","q":"2.90000000","b":160437144,"a":160437126,"T":1557446409449,"m":false,"M":true},{"e":"trade","E":1557446409575,"s":"BNBBTC","t":44512242,"p":"0.00302870","q":"1.93000000","b":160437148,"a":160437147,"T":1557446409569,"m":false,"M":true},{"e":"trade","E":1557446413262,"s":"BNBBTC","t":44512243,"p":"0.00302880","q":"33.79000000","b":160437174,"a":160437126,"T":1557446413258,"m":false,"M":true},{"e":"trade","E":1557446413268,"s":"BNBBTC","t":44512244,"p":"0.00303160","q":"20.39000000","b":160437175,"a":160437160,"T":1557446413263,"m":false,"M":true},{"e":"trade","E":1557446413921,"s":"BNBBTC","t":44512245,"p":"0.00302890","q":"1.57000000","b":160437194,"a":160437203,"T":1557446413916,"m":true,"M":true},{"e":"trade","E":1557446415166,"s":"BNBBTC","t":44512246,"p":"0.00302940","q":"4.42000000","b":160437230,"a":160437231,"T":1557446415160,"m":true,"M":true},{"e":"trade","E":1557446418659,"s":"BNBBTC","t":44512247,"p":"0.00303010","q":"4.42000000","b":160437271,"a":160437278,"T":1557446418655,"m":true,"M":true},{"e":"trade","E":1557446419719,"s":"BNBBTC","t":44512248,"p":"0.00303210","q":"24.58000000","b":160437299,"a":160437297,"T":1557446419713,"m":false,"M":true},{"e":"trade","E":1557446419723,"s":"BNBBTC","t":44512249,"p":"0.00303210","q":"4.31000000","b":160437300,"a":160437297,"T":1557446419718,"m":false,"M":true},{"e":"trade","E":1557446419723,"s":"BNBBTC","t":44512250,"p":"0.00303250","q":"13.34000000","b":160437300,"a":160437259,"T":1557446419718,"m":false,"M":true},{"e":"trade","E":1557446424472,"s":"BNBBTC","t":44512251,"p":"0.00303150","q":"2.92000000","b":160437379,"a":160437386,"T":1557446424467,"m":true,"M":true},{"e":"trade","E":1557446425162,"s":"BNBBTC","t":44512252,"p":"0.00303180","q":"16.40000000","b":160437389,"a":160437393,"T":1557446425157,"m":true,"M":true},{"e":"trade","E":1557446429304,"s":"BNBBTC","t":44512253,"p":"0.00303140","q":"3.71000000","b":160437402,"a":160437426,"T":1557446429298,"m":true,"M":true},{"e":"trade","E":1557446429966,"s":"BNBBTC","t":44512254,"p":"0.00303290","q":"4.96000000","b":160437431,"a":160437112,"T":1557446429961,"m":false,"M":true},{"e":"trade","E":1557446431861,"s":"BNBBTC","t":44512255,"p":"0.00303140","q":"1.57000000","b":160437402,"a":160437443,"T":1557446431857,"m":true,"M":true},{"e":"trade","E":1557446434415,"s":"BNBBTC","t":44512256,"p":"0.00303140","q":"1.57000000","b":160437402,"a":160437449,"T":1557446434409,"m":true,"M":true},{"e":"trade","E":1557446434664,"s":"BNBBTC","t":44512257,"p":"0.00303140","q":"2.08000000","b":160437402,"a":160437450,"T":1557446434658,"m":true,"M":true},{"e":"trade","E":1557446435138,"s":"BNBBTC","t":44512258,"p":"0.00303140","q":"19.36000000","b":160437402,"a":160437451,"T":1557446435132,"m":true,"M":true},{"e":"trade","E":1557446435138,"s":"BNBBTC","t":44512259,"p":"0.00303140","q":"0.65000000","b":160437407,"a":160437451,"T":1557446435132,"m":true,"M":true},{"e":"trade","E":1557446437132,"s":"BNBBTC","t":44512260,"p":"0.00303140","q":"0.65000000","b":160437459,"a":160437467,"T":1557446437125,"m":true,"M":true},{"e":"trade","E":1557446437718,"s":"BNBBTC","t":44512261,"p":"0.00303140","q":"0.65000000","b":160437470,"a":160437483,"T":1557446437713,"m":true,"M":true},{"e":"trade","E":1557446437718,"s":"BNBBTC","t":44512262,"p":"0.00302870","q":"3.39000000","b":160437476,"a":160437483,"T":1557446437713,"m":true,"M":true},{"e":"trade","E":1557446437718,"s":"BNBBTC","t":44512263,"p":"0.00302870","q":"1.92000000","b":160437480,"a":160437483,"T":1557446437713,"m":true,"M":true},{"e":"trade","E":1557446437718,"s":"BNBBTC","t":44512264,"p":"0.00302860","q":"2.84000000","b":160437184,"a":160437483,"T":1557446437713,"m":true,"M":true},{"e":"trade","E":1557446437718,"s":"BNBBTC","t":44512265,"p":"0.00302860","q":"3.27000000","b":160437471,"a":160437483,"T":1557446437713,"m":true,"M":true},{"e":"trade","E":1557446438136,"s":"BNBBTC","t":44512266,"p":"0.00302870","q":"0.65000000","b":160437485,"a":160437490,"T":1557446438131,"m":true,"M":true},{"e":"trade","E":1557446438613,"s":"BNBBTC","t":44512267,"p":"0.00303240","q":"3.39000000","b":160437504,"a":160437497,"T":1557446438609,"m":false,"M":true},{"e":"trade","E":1557446438613,"s":"BNBBTC","t":44512268,"p":"0.00303240","q":"9.83000000","b":160437504,"a":160437503,"T":1557446438609,"m":false,"M":true},{"e":"trade","E":1557446438613,"s":"BNBBTC","t":44512269,"p":"0.00303250","q":"10.34000000","b":160437504,"a":160437492,"T":1557446438609,"m":false,"M":true},{"e":"trade","E":1557446440137,"s":"BNBBTC","t":44512270,"p":"0.00302980","q":"3.39000000","b":160437518,"a":160437519,"T":1557446440131,"m":true,"M":true},{"e":"trade","E":1557446441139,"s":"BNBBTC","t":44512271,"p":"0.00303000","q":"3.29000000","b":160437522,"a":160437527,"T":1557446441133,"m":true,"M":true},{"e":"trade","E":1557446442142,"s":"BNBBTC","t":44512272,"p":"0.00303020","q":"3.29000000","b":160437531,"a":160437537,"T":1557446442137,"m":true,"M":true},{"e":"trade","E":1557446443138,"s":"BNBBTC","t":44512273,"p":"0.00303040","q":"3.29000000","b":160437542,"a":160437548,"T":1557446443133,"m":true,"M":true},{"e":"trade","E":1557446445138,"s":"BNBBTC","t":44512274,"p":"0.00302980","q":"3.29000000","b":160437566,"a":160437571,"T":1557446445130,"m":true,"M":true},{"e":"trade","E":1557446445138,"s":"BNBBTC","t":44512275,"p":"0.00302980","q":"9.83000000","b":160437568,"a":160437571,"T":1557446445130,"m":true,"M":true},{"e":"trade","E":1557446445604,"s":"BNBBTC","t":44512276,"p":"0.00303000","q":"1.34000000","b":160437579,"a":160437587,"T":1557446445598,"m":true,"M":true},{"e":"trade","E":1557446447143,"s":"BNBBTC","t":44512277,"p":"0.00303010","q":"25.44000000","b":160437588,"a":160437598,"T":1557446447137,"m":true,"M":true},{"e":"trade","E":1557446447748,"s":"BNBBTC","t":44512278,"p":"0.00303190","q":"3.58000000","b":160437608,"a":160437603,"T":1557446447743,"m":false,"M":true},{"e":"trade","E":1557446447748,"s":"BNBBTC","t":44512279,"p":"0.00303190","q":"3.39000000","b":160437608,"a":160437605,"T":1557446447743,"m":false,"M":true},{"e":"trade","E":1557446447748,"s":"BNBBTC","t":44512280,"p":"0.00303190","q":"9.83000000","b":160437608,"a":160437606,"T":1557446447743,"m":false,"M":true},{"e":"trade","E":1557446447748,"s":"BNBBTC","t":44512281,"p":"0.00303200","q":"2.46000000","b":160437608,"a":160437602,"T":1557446447743,"m":false,"M":true},{"e":"trade","E":1557446447751,"s":"BNBBTC","t":44512282,"p":"0.00303200","q":"11.38000000","b":160437609,"a":160437602,"T":1557446447746,"m":false,"M":true},{"e":"trade","E":1557446447751,"s":"BNBBTC","t":44512283,"p":"0.00303240","q":"5.42000000","b":160437609,"a":160437573,"T":1557446447746,"m":false,"M":true},{"e":"trade","E":1557446448141,"s":"BNBBTC","t":44512284,"p":"0.00303190","q":"16.80000000","b":160437612,"a":160437621,"T":1557446448136,"m":true,"M":true},{"e":"trade","E":1557446448157,"s":"BNBBTC","t":44512285,"p":"0.00303230","q":"4.63000000","b":160437623,"a":160437615,"T":1557446448153,"m":false,"M":true},{"e":"trade","E":1557446448157,"s":"BNBBTC","t":44512286,"p":"0.00303290","q":"0.03000000","b":160437623,"a":160437112,"T":1557446448153,"m":false,"M":true},{"e":"trade","E":1557446448157,"s":"BNBBTC","t":44512287,"p":"0.00303350","q":"0.44000000","b":160437623,"a":160436932,"T":1557446448153,"m":false,"M":true},{"e":"trade","E":1557446448185,"s":"BNBBTC","t":44512288,"p":"0.00303440","q":"16.05000000","b":160437629,"a":160437628,"T":1557446448180,"m":false,"M":true},{"e":"trade","E":1557446448185,"s":"BNBBTC","t":44512289,"p":"0.00303450","q":"8.10000000","b":160437629,"a":160437617,"T":1557446448180,"m":false,"M":true},{"e":"trade","E":1557446448310,"s":"BNBBTC","t":44512290,"p":"0.00303440","q":"14.98000000","b":160437638,"a":160437630,"T":1557446448305,"m":false,"M":true},{"e":"trade","E":1557446448310,"s":"BNBBTC","t":44512291,"p":"0.00303440","q":"9.17000000","b":160437638,"a":160437631,"T":1557446448305,"m":false,"M":true},{"e":"trade","E":1557446448413,"s":"BNBBTC","t":44512292,"p":"0.00303440","q":"5.81000000","b":160437642,"a":160437631,"T":1557446448409,"m":false,"M":true},{"e":"trade","E":1557446448413,"s":"BNBBTC","t":44512293,"p":"0.00303450","q":"0.04000000","b":160437642,"a":160437617,"T":1557446448409,"m":false,"M":true},{"e":"trade","E":1557446448413,"s":"BNBBTC","t":44512294,"p":"0.00303460","q":"6.24000000","b":160437642,"a":160437420,"T":1557446448409,"m":false,"M":true},{"e":"trade","E":1557446448443,"s":"BNBBTC","t":44512295,"p":"0.00303400","q":"1.59000000","b":160437623,"a":160437644,"T":1557446448438,"m":true,"M":true},{"e":"trade","E":1557446448497,"s":"BNBBTC","t":44512296,"p":"0.00303400","q":"7.37000000","b":160437623,"a":160437645,"T":1557446448492,"m":true,"M":true},{"e":"trade","E":1557446450196,"s":"BNBBTC","t":44512297,"p":"0.00303220","q":"3.29000000","b":160437670,"a":160437680,"T":1557446450189,"m":true,"M":true},{"e":"trade","E":1557446450196,"s":"BNBBTC","t":44512298,"p":"0.00303210","q":"11.77000000","b":160437659,"a":160437680,"T":1557446450189,"m":true,"M":true},{"e":"trade","E":1557446450196,"s":"BNBBTC","t":44512299,"p":"0.00303210","q":"31.03000000","b":160437661,"a":160437680,"T":1557446450189,"m":true,"M":true},{"e":"trade","E":1557446450196,"s":"BNBBTC","t":44512300,"p":"0.00303210","q":"31.03000000","b":160437662,"a":160437680,"T":1557446450189,"m":true,"M":true},{"e":"trade","E":1557446450196,"s":"BNBBTC","t":44512301,"p":"0.00303210","q":"10.70000000","b":160437663,"a":160437680,"T":1557446450189,"m":true,"M":true},{"e":"trade","E":1557446450196,"s":"BNBBTC","t":44512302,"p":"0.00303210","q":"11.77000000","b":160437664,"a":160437680,"T":1557446450189,"m":true,"M":true},{"e":"trade","E":1557446450196,"s":"BNBBTC","t":44512303,"p":"0.00303210","q":"33.17000000","b":160437666,"a":160437680,"T":1557446450189,"m":true,"M":true},{"e":"trade","E":1557446450196,"s":"BNBBTC","t":44512304,"p":"0.00303210","q":"6.42000000","b":160437669,"a":160437680,"T":1557446450189,"m":true,"M":true},{"e":"trade","E":1557446450196,"s":"BNBBTC","t":44512305,"p":"0.00303210","q":"49.55000000","b":160437679,"a":160437680,"T":1557446450189,"m":true,"M":true},{"e":"trade","E":1557446450196,"s":"BNBBTC","t":44512306,"p":"0.00303190","q":"61.60000000","b":160437626,"a":160437680,"T":1557446450189,"m":true,"M":true},{"e":"trade","E":1557446450196,"s":"BNBBTC","t":44512307,"p":"0.00303060","q":"11.97000000","b":160437640,"a":160437680,"T":1557446450189,"m":true,"M":true},{"e":"trade","E":1557446450847,"s":"BNBBTC","t":44512308,"p":"0.00303450","q":"1.01000000","b":160437708,"a":160437688,"T":1557446450841,"m":false,"M":true},{"e":"trade","E":1557446454796,"s":"BNBBTC","t":44512309,"p":"0.00303430","q":"1.16000000","b":160437841,"a":160437714,"T":1557446454790,"m":false,"M":true},{"e":"trade","E":1557446460438,"s":"BNBBTC","t":44512310,"p":"0.00303450","q":"3.29000000","b":160437909,"a":160437898,"T":1557446460429,"m":false,"M":true},{"e":"trade","E":1557446460438,"s":"BNBBTC","t":44512311,"p":"0.00303460","q":"0.40000000","b":160437909,"a":160437420,"T":1557446460429,"m":false,"M":true},{"e":"trade","E":1557446460815,"s":"BNBBTC","t":44512312,"p":"0.00303460","q":"1.87000000","b":160437913,"a":160437420,"T":1557446460809,"m":false,"M":true},{"e":"trade","E":1557446461190,"s":"BNBBTC","t":44512313,"p":"0.00303460","q":"0.61000000","b":160437917,"a":160437420,"T":1557446461186,"m":false,"M":true},{"e":"trade","E":1557446461643,"s":"BNBBTC","t":44512314,"p":"0.00303260","q":"1.02000000","b":160437926,"a":160437927,"T":1557446461637,"m":true,"M":true},{"e":"trade","E":1557446461793,"s":"BNBBTC","t":44512315,"p":"0.00303460","q":"39.06000000","b":160437932,"a":160437420,"T":1557446461786,"m":false,"M":true},{"e":"trade","E":1557446461819,"s":"BNBBTC","t":44512316,"p":"0.00303460","q":"10.53000000","b":160437933,"a":160437420,"T":1557446461815,"m":false,"M":true},{"e":"trade","E":1557446461820,"s":"BNBBTC","t":44512317,"p":"0.00303460","q":"24.60000000","b":160437934,"a":160437420,"T":1557446461815,"m":false,"M":true},{"e":"trade","E":1557446461836,"s":"BNBBTC","t":44512318,"p":"0.00303460","q":"12.40000000","b":160437935,"a":160437420,"T":1557446461831,"m":false,"M":true},{"e":"trade","E":1557446461855,"s":"BNBBTC","t":44512319,"p":"0.00303460","q":"12.40000000","b":160437937,"a":160437420,"T":1557446461848,"m":false,"M":true},{"e":"trade","E":1557446462135,"s":"BNBBTC","t":44512320,"p":"0.00303460","q":"3.73000000","b":160437939,"a":160437420,"T":1557446462129,"m":false,"M":true},{"e":"trade","E":1557446464194,"s":"BNBBTC","t":44512321,"p":"0.00303450","q":"1.00000000","b":160437952,"a":160437942,"T":1557446464189,"m":false,"M":true},{"e":"trade","E":1557446464194,"s":"BNBBTC","t":44512322,"p":"0.00303460","q":"23.24000000","b":160437952,"a":160437420,"T":1557446464189,"m":false,"M":true},{"e":"trade","E":1557446466481,"s":"BNBBTC","t":44512323,"p":"0.00303490","q":"0.56000000","b":160437975,"a":160437422,"T":1557446466475,"m":false,"M":true},{"e":"trade","E":1557446468014,"s":"BNBBTC","t":44512324,"p":"0.00303370","q":"3.29000000","b":160437978,"a":160437988,"T":1557446468007,"m":true,"M":true},{"e":"trade","E":1557446468014,"s":"BNBBTC","t":44512325,"p":"0.00303370","q":"2.27000000","b":160437985,"a":160437988,"T":1557446468007,"m":true,"M":true},{"e":"trade","E":1557446469045,"s":"BNBBTC","t":44512326,"p":"0.00303490","q":"5.44000000","b":160438010,"a":160437422,"T":1557446469037,"m":false,"M":true},{"e":"trade","E":1557446469045,"s":"BNBBTC","t":44512327,"p":"0.00303700","q":"2.14000000","b":160438010,"a":160437991,"T":1557446469037,"m":false,"M":true},{"e":"trade","E":1557446469045,"s":"BNBBTC","t":44512328,"p":"0.00303710","q":"42.39000000","b":160438010,"a":160437965,"T":1557446469037,"m":false,"M":true},{"e":"trade","E":1557446472188,"s":"BNBBTC","t":44512329,"p":"0.00303730","q":"2.02000000","b":160438053,"a":160424177,"T":1557446472184,"m":false,"M":true},{"e":"trade","E":1557446473142,"s":"BNBBTC","t":44512330,"p":"0.00303730","q":"117.98000000","b":160438062,"a":160424177,"T":1557446473137,"m":false,"M":true},{"e":"trade","E":1557446473142,"s":"BNBBTC","t":44512331,"p":"0.00303730","q":"205.13000000","b":160438062,"a":160437466,"T":1557446473137,"m":false,"M":true},{"e":"trade","E":1557446473155,"s":"BNBBTC","t":44512332,"p":"0.00303730","q":"49.99000000","b":160438066,"a":160437466,"T":1557446473150,"m":false,"M":true},{"e":"trade","E":1557446473208,"s":"BNBBTC","t":44512333,"p":"0.00303730","q":"9.58000000","b":160438068,"a":160437466,"T":1557446473205,"m":false,"M":true},{"e":"trade","E":1557446473308,"s":"BNBBTC","t":44512334,"p":"0.00303730","q":"7.66000000","b":160438071,"a":160437466,"T":1557446473303,"m":false,"M":true},{"e":"trade","E":1557446473406,"s":"BNBBTC","t":44512335,"p":"0.00303730","q":"3.84000000","b":160438073,"a":160437466,"T":1557446473402,"m":false,"M":true},{"e":"trade","E":1557446473493,"s":"BNBBTC","t":44512336,"p":"0.00303730","q":"9.55000000","b":160438075,"a":160437466,"T":1557446473488,"m":false,"M":true},{"e":"trade","E":1557446473525,"s":"BNBBTC","t":44512337,"p":"0.00303730","q":"1.92000000","b":160438077,"a":160437466,"T":1557446473520,"m":false,"M":true},{"e":"trade","E":1557446474422,"s":"BNBBTC","t":44512338,"p":"0.00303730","q":"2.70000000","b":160438082,"a":160437466,"T":1557446474416,"m":false,"M":true},{"e":"trade","E":1557446474584,"s":"BNBBTC","t":44512339,"p":"0.00303730","q":"1.35000000","b":160438084,"a":160437466,"T":1557446474578,"m":false,"M":true},{"e":"trade","E":1557446474850,"s":"BNBBTC","t":44512340,"p":"0.00303730","q":"13.74000000","b":160438087,"a":160437466,"T":1557446474844,"m":false,"M":true},{"e":"trade","E":1557446474927,"s":"BNBBTC","t":44512341,"p":"0.00303730","q":"22.86000000","b":160438088,"a":160437466,"T":1557446474919,"m":false,"M":true},{"e":"trade","E":1557446474961,"s":"BNBBTC","t":44512342,"p":"0.00303730","q":"6.47000000","b":160438089,"a":160437466,"T":1557446474956,"m":false,"M":true},{"e":"trade","E":1557446475108,"s":"BNBBTC","t":44512343,"p":"0.00303730","q":"3.24000000","b":160438091,"a":160437466,"T":1557446475103,"m":false,"M":true},{"e":"trade","E":1557446475228,"s":"BNBBTC","t":44512344,"p":"0.00303730","q":"1.62000000","b":160438095,"a":160437466,"T":1557446475223,"m":false,"M":true},{"e":"trade","E":1557446475349,"s":"BNBBTC","t":44512345,"p":"0.00303730","q":"5.39000000","b":160438101,"a":160437466,"T":1557446475344,"m":false,"M":true},{"e":"trade","E":1557446475527,"s":"BNBBTC","t":44512346,"p":"0.00303730","q":"3.60000000","b":160438104,"a":160437466,"T":1557446475521,"m":false,"M":true},{"e":"trade","E":1557446475601,"s":"BNBBTC","t":44512347,"p":"0.00303730","q":"4.03000000","b":160438106,"a":160437466,"T":1557446475594,"m":false,"M":true},{"e":"trade","E":1557446475626,"s":"BNBBTC","t":44512348,"p":"0.00303730","q":"19.01000000","b":160438107,"a":160437466,"T":1557446475617,"m":false,"M":true},{"e":"trade","E":1557446475630,"s":"BNBBTC","t":44512349,"p":"0.00303730","q":"2.40000000","b":160438108,"a":160437466,"T":1557446475625,"m":false,"M":true},{"e":"trade","E":1557446475653,"s":"BNBBTC","t":44512350,"p":"0.00303730","q":"4.31000000","b":160438109,"a":160437466,"T":1557446475648,"m":false,"M":true},{"e":"trade","E":1557446475834,"s":"BNBBTC","t":44512351,"p":"0.00303770","q":"1.60000000","b":160438111,"a":160424615,"T":1557446475827,"m":false,"M":true},{"e":"trade","E":1557446476253,"s":"BNBBTC","t":44512352,"p":"0.00303770","q":"1.01000000","b":160438116,"a":160424615,"T":1557446476248,"m":false,"M":true},{"e":"trade","E":1557446477213,"s":"BNBBTC","t":44512353,"p":"0.00303770","q":"1.64000000","b":160438123,"a":160424615,"T":1557446477207,"m":false,"M":true},{"e":"trade","E":1557446477213,"s":"BNBBTC","t":44512354,"p":"0.00303800","q":"3.56000000","b":160438123,"a":160423779,"T":1557446477207,"m":false,"M":true},{"e":"trade","E":1557446477321,"s":"BNBBTC","t":44512355,"p":"0.00303800","q":"3.14000000","b":160438129,"a":160423779,"T":1557446477314,"m":false,"M":true},{"e":"trade","E":1557446477421,"s":"BNBBTC","t":44512356,"p":"0.00303800","q":"1.49000000","b":160438131,"a":160423779,"T":1557446477415,"m":false,"M":true},{"e":"trade","E":1557446477934,"s":"BNBBTC","t":44512357,"p":"0.00303800","q":"1.60000000","b":160438135,"a":160423779,"T":1557446477929,"m":false,"M":true},{"e":"trade","E":1557446478655,"s":"BNBBTC","t":44512358,"p":"0.00303680","q":"4.17000000","b":160438136,"a":160438140,"T":1557446478650,"m":true,"M":true},{"e":"trade","E":1557446480779,"s":"BNBBTC","t":44512359,"p":"0.00303740","q":"4.33000000","b":160438143,"a":160438160,"T":1557446480771,"m":true,"M":true},{"e":"trade","E":1557446481711,"s":"BNBBTC","t":44512360,"p":"0.00303740","q":"4.33000000","b":160438143,"a":160438168,"T":1557446481705,"m":true,"M":true},{"e":"trade","E":1557446483161,"s":"BNBBTC","t":44512361,"p":"0.00303750","q":"11.77000000","b":160438171,"a":160438181,"T":1557446483155,"m":true,"M":true},{"e":"trade","E":1557446483161,"s":"BNBBTC","t":44512362,"p":"0.00303740","q":"3.11000000","b":160438143,"a":160438181,"T":1557446483155,"m":true,"M":true},{"e":"trade","E":1557446483161,"s":"BNBBTC","t":44512363,"p":"0.00303740","q":"11.77000000","b":160438152,"a":160438181,"T":1557446483155,"m":true,"M":true},{"e":"trade","E":1557446483161,"s":"BNBBTC","t":44512364,"p":"0.00303740","q":"2.64000000","b":160438154,"a":160438181,"T":1557446483155,"m":true,"M":true},{"e":"trade","E":1557446483291,"s":"BNBBTC","t":44512365,"p":"0.00303740","q":"19.83000000","b":160438154,"a":160438186,"T":1557446483286,"m":true,"M":true},{"e":"trade","E":1557446483291,"s":"BNBBTC","t":44512366,"p":"0.00303740","q":"31.03000000","b":160438159,"a":160438186,"T":1557446483286,"m":true,"M":true},{"e":"trade","E":1557446483317,"s":"BNBBTC","t":44512367,"p":"0.00303730","q":"11.01000000","b":160438142,"a":160438189,"T":1557446483312,"m":true,"M":true},{"e":"trade","E":1557446483879,"s":"BNBBTC","t":44512368,"p":"0.00303780","q":"0.34000000","b":160438195,"a":160438192,"T":1557446483872,"m":false,"M":true},{"e":"trade","E":1557446484134,"s":"BNBBTC","t":44512369,"p":"0.00303560","q":"5.92000000","b":160438198,"a":160438201,"T":1557446484130,"m":true,"M":true},{"e":"trade","E":1557446484138,"s":"BNBBTC","t":44512370,"p":"0.00303770","q":"4.00000000","b":160438202,"a":160438197,"T":1557446484131,"m":false,"M":true},{"e":"trade","E":1557446484254,"s":"BNBBTC","t":44512371,"p":"0.00303560","q":"5.92000000","b":160438203,"a":160438210,"T":1557446484250,"m":true,"M":true},{"e":"trade","E":1557446484381,"s":"BNBBTC","t":44512372,"p":"0.00303570","q":"5.92000000","b":160438215,"a":160438217,"T":1557446484376,"m":true,"M":true},{"e":"trade","E":1557446484406,"s":"BNBBTC","t":44512373,"p":"0.00303560","q":"14.53000000","b":160438213,"a":160438218,"T":1557446484400,"m":true,"M":true},{"e":"trade","E":1557446485745,"s":"BNBBTC","t":44512374,"p":"0.00303500","q":"3.17000000","b":160438238,"a":160438240,"T":1557446485739,"m":true,"M":true},{"e":"trade","E":1557446486418,"s":"BNBBTC","t":44512375,"p":"0.00303750","q":"1.93000000","b":160438253,"a":160438248,"T":1557446486414,"m":false,"M":true},{"e":"trade","E":1557446486418,"s":"BNBBTC","t":44512376,"p":"0.00303760","q":"5.92000000","b":160438253,"a":160438204,"T":1557446486414,"m":false,"M":true},{"e":"trade","E":1557446486418,"s":"BNBBTC","t":44512377,"p":"0.00303760","q":"36.38000000","b":160438253,"a":160438206,"T":1557446486414,"m":false,"M":true},{"e":"trade","E":1557446486418,"s":"BNBBTC","t":44512378,"p":"0.00303760","q":"5.77000000","b":160438253,"a":160438207,"T":1557446486414,"m":false,"M":true},{"e":"trade","E":1557446487370,"s":"BNBBTC","t":44512379,"p":"0.00303570","q":"7.91000000","b":160438266,"a":160438275,"T":1557446487365,"m":true,"M":true},{"e":"trade","E":1557446487407,"s":"BNBBTC","t":44512380,"p":"0.00303570","q":"1.22000000","b":160438266,"a":160438276,"T":1557446487403,"m":true,"M":true},{"e":"trade","E":1557446488314,"s":"BNBBTC","t":44512381,"p":"0.00303570","q":"7.92000000","b":160438266,"a":160438289,"T":1557446488310,"m":true,"M":true},{"e":"trade","E":1557446489083,"s":"BNBBTC","t":44512382,"p":"0.00303570","q":"4.36000000","b":160438266,"a":160438298,"T":1557446489078,"m":true,"M":true},{"e":"trade","E":1557446490017,"s":"BNBBTC","t":44512383,"p":"0.00303570","q":"2.85000000","b":160438266,"a":160438312,"T":1557446490010,"m":true,"M":true},{"e":"trade","E":1557446490017,"s":"BNBBTC","t":44512384,"p":"0.00303560","q":"1.21000000","b":160438262,"a":160438312,"T":1557446490010,"m":true,"M":true},{"e":"trade","E":1557446492140,"s":"BNBBTC","t":44512385,"p":"0.00303560","q":"4.71000000","b":160438262,"a":160438330,"T":1557446492135,"m":true,"M":true},{"e":"trade","E":1557446493158,"s":"BNBBTC","t":44512386,"p":"0.00303710","q":"8.90000000","b":160438345,"a":160438319,"T":1557446493153,"m":false,"M":true},{"e":"trade","E":1557446493269,"s":"BNBBTC","t":44512387,"p":"0.00303750","q":"5.80000000","b":160438352,"a":160438323,"T":1557446493264,"m":false,"M":true},{"e":"trade","E":1557446493306,"s":"BNBBTC","t":44512388,"p":"0.00303600","q":"7.93000000","b":160438346,"a":160438354,"T":1557446493301,"m":true,"M":true},{"e":"trade","E":1557446493407,"s":"BNBBTC","t":44512389,"p":"0.00303750","q":"2.90000000","b":160438357,"a":160438323,"T":1557446493403,"m":false,"M":true},{"e":"trade","E":1557446493547,"s":"BNBBTC","t":44512390,"p":"0.00303750","q":"1.45000000","b":160438360,"a":160438323,"T":1557446493541,"m":false,"M":true},{"e":"trade","E":1557446493681,"s":"BNBBTC","t":44512391,"p":"0.00303750","q":"2.49000000","b":160438363,"a":160438323,"T":1557446493675,"m":false,"M":true},{"e":"trade","E":1557446494429,"s":"BNBBTC","t":44512392,"p":"0.00303620","q":"2.90000000","b":160438355,"a":160438373,"T":1557446494424,"m":true,"M":true},{"e":"trade","E":1557446494429,"s":"BNBBTC","t":44512393,"p":"0.00303600","q":"0.03000000","b":160438346,"a":160438373,"T":1557446494424,"m":true,"M":true},{"e":"trade","E":1557446495413,"s":"BNBBTC","t":44512394,"p":"0.00303600","q":"1.67000000","b":160438346,"a":160438376,"T":1557446495407,"m":true,"M":true},{"e":"trade","E":1557446495413,"s":"BNBBTC","t":44512395,"p":"0.00303580","q":"6.27000000","b":160438339,"a":160438376,"T":1557446495407,"m":true,"M":true},{"e":"trade","E":1557446495437,"s":"BNBBTC","t":44512396,"p":"0.00303580","q":"1.22000000","b":160438339,"a":160438378,"T":1557446495432,"m":true,"M":true},{"e":"trade","E":1557446496397,"s":"BNBBTC","t":44512397,"p":"0.00303750","q":"36.36000000","b":160438381,"a":160438323,"T":1557446496393,"m":false,"M":true},{"e":"trade","E":1557446496411,"s":"BNBBTC","t":44512398,"p":"0.00303780","q":"5.92000000","b":160438382,"a":160438348,"T":1557446496407,"m":false,"M":true},{"e":"trade","E":1557446496411,"s":"BNBBTC","t":44512399,"p":"0.00303790","q":"1.00000000","b":160438382,"a":160438224,"T":1557446496407,"m":false,"M":true},{"e":"trade","E":1557446496411,"s":"BNBBTC","t":44512400,"p":"0.00303800","q":"7.62000000","b":160438382,"a":160423779,"T":1557446496407,"m":false,"M":true},{"e":"trade","E":1557446496476,"s":"BNBBTC","t":44512401,"p":"0.00303790","q":"2.94000000","b":160438389,"a":160438388,"T":1557446496471,"m":false,"M":true},{"e":"trade","E":1557446496476,"s":"BNBBTC","t":44512402,"p":"0.00303800","q":"36.63000000","b":160438389,"a":160423779,"T":1557446496471,"m":false,"M":true},{"e":"trade","E":1557446496500,"s":"BNBBTC","t":44512403,"p":"0.00303800","q":"36.70000000","b":160438391,"a":160423779,"T":1557446496495,"m":false,"M":true},{"e":"trade","E":1557446496521,"s":"BNBBTC","t":44512404,"p":"0.00303800","q":"31.54000000","b":160438392,"a":160423779,"T":1557446496517,"m":false,"M":true},{"e":"trade","E":1557446496521,"s":"BNBBTC","t":44512405,"p":"0.00303800","q":"17.87000000","b":160438392,"a":160423840,"T":1557446496517,"m":false,"M":true},{"e":"trade","E":1557446496536,"s":"BNBBTC","t":44512406,"p":"0.00303800","q":"8.92000000","b":160438393,"a":160423840,"T":1557446496532,"m":false,"M":true},{"e":"trade","E":1557446496543,"s":"BNBBTC","t":44512407,"p":"0.00303800","q":"24.44000000","b":160438394,"a":160423840,"T":1557446496536,"m":false,"M":true},{"e":"trade","E":1557446496543,"s":"BNBBTC","t":44512408,"p":"0.00303800","q":"8.39000000","b":160438394,"a":160438242,"T":1557446496536,"m":false,"M":true},{"e":"trade","E":1557446496543,"s":"BNBBTC","t":44512409,"p":"0.00303800","q":"14.30000000","b":160438394,"a":160438327,"T":1557446496536,"m":false,"M":true},{"e":"trade","E":1557446496898,"s":"BNBBTC","t":44512410,"p":"0.00303770","q":"4.46000000","b":160438402,"a":160438403,"T":1557446496894,"m":true,"M":true},{"e":"trade","E":1557446496898,"s":"BNBBTC","t":44512411,"p":"0.00303760","q":"3.50000000","b":160438385,"a":160438403,"T":1557446496894,"m":true,"M":true},{"e":"trade","E":1557446496931,"s":"BNBBTC","t":44512412,"p":"0.00303840","q":"0.55000000","b":160438406,"a":160425428,"T":1557446496926,"m":false,"M":true},{"e":"trade","E":1557446497171,"s":"BNBBTC","t":44512413,"p":"0.00303880","q":"0.38000000","b":160438410,"a":160425434,"T":1557446497167,"m":false,"M":true},{"e":"trade","E":1557446497171,"s":"BNBBTC","t":44512414,"p":"0.00303880","q":"0.52000000","b":160438410,"a":160427231,"T":1557446497167,"m":false,"M":true},{"e":"trade","E":1557446497171,"s":"BNBBTC","t":44512415,"p":"0.00303910","q":"1.06000000","b":160438410,"a":160429452,"T":1557446497167,"m":false,"M":true},{"e":"trade","E":1557446497287,"s":"BNBBTC","t":44512416,"p":"0.00303910","q":"1.77000000","b":160438415,"a":160429452,"T":1557446497283,"m":false,"M":true},{"e":"trade","E":1557446497336,"s":"BNBBTC","t":44512417,"p":"0.00303780","q":"1.45000000","b":160438416,"a":160438418,"T":1557446497332,"m":true,"M":true},{"e":"trade","E":1557446497360,"s":"BNBBTC","t":44512418,"p":"0.00303910","q":"10.64000000","b":160438419,"a":160429452,"T":1557446497356,"m":false,"M":true},{"e":"trade","E":1557446497524,"s":"BNBBTC","t":44512419,"p":"0.00303910","q":"1.38000000","b":160438424,"a":160429452,"T":1557446497519,"m":false,"M":true},{"e":"trade","E":1557446497524,"s":"BNBBTC","t":44512420,"p":"0.00304000","q":"4.53000000","b":160438424,"a":160423806,"T":1557446497519,"m":false,"M":true},{"e":"trade","E":1557446497641,"s":"BNBBTC","t":44512421,"p":"0.00304000","q":"5.22000000","b":160438427,"a":160423806,"T":1557446497636,"m":false,"M":true},{"e":"trade","E":1557446498565,"s":"BNBBTC","t":44512422,"p":"0.00304000","q":"2.73000000","b":160438435,"a":160423806,"T":1557446498561,"m":false,"M":true},{"e":"trade","E":1557446498738,"s":"BNBBTC","t":44512423,"p":"0.00304000","q":"1.37000000","b":160438439,"a":160423806,"T":1557446498733,"m":false,"M":true},{"e":"trade","E":1557446498912,"s":"BNBBTC","t":44512424,"p":"0.00304000","q":"5.66000000","b":160438440,"a":160423806,"T":1557446498906,"m":false,"M":true},{"e":"trade","E":1557446499044,"s":"BNBBTC","t":44512425,"p":"0.00304000","q":"3.78000000","b":160438441,"a":160423806,"T":1557446499037,"m":false,"M":true},{"e":"trade","E":1557446499147,"s":"BNBBTC","t":44512426,"p":"0.00304000","q":"2.52000000","b":160438443,"a":160423806,"T":1557446499142,"m":false,"M":true},{"e":"trade","E":1557446499241,"s":"BNBBTC","t":44512427,"p":"0.00304000","q":"25.21000000","b":160438449,"a":160423806,"T":1557446499236,"m":false,"M":true},{"e":"trade","E":1557446499241,"s":"BNBBTC","t":44512428,"p":"0.00304000","q":"0.35000000","b":160438449,"a":160424699,"T":1557446499236,"m":false,"M":true},{"e":"trade","E":1557446499241,"s":"BNBBTC","t":44512429,"p":"0.00304000","q":"92.48000000","b":160438449,"a":160433060,"T":1557446499236,"m":false,"M":true},{"e":"trade","E":1557446499265,"s":"BNBBTC","t":44512430,"p":"0.00304000","q":"7.52000000","b":160438451,"a":160433060,"T":1557446499261,"m":false,"M":true},{"e":"trade","E":1557446499374,"s":"BNBBTC","t":44512431,"p":"0.00303860","q":"1.37000000","b":160438436,"a":160438456,"T":1557446499365,"m":true,"M":true},{"e":"trade","E":1557446499374,"s":"BNBBTC","t":44512432,"p":"0.00303840","q":"1.46000000","b":160438454,"a":160438456,"T":1557446499365,"m":true,"M":true},{"e":"trade","E":1557446499768,"s":"BNBBTC","t":44512433,"p":"0.00304020","q":"1.46000000","b":160438464,"a":160438459,"T":1557446499762,"m":false,"M":true},{"e":"trade","E":1557446500012,"s":"BNBBTC","t":44512434,"p":"0.00304030","q":"7.49000000","b":160438469,"a":160428963,"T":1557446500004,"m":false,"M":true},{"e":"trade","E":1557446500202,"s":"BNBBTC","t":44512435,"p":"0.00303840","q":"1.56000000","b":160438454,"a":160438472,"T":1557446500197,"m":true,"M":true},{"e":"trade","E":1557446500521,"s":"BNBBTC","t":44512436,"p":"0.00304060","q":"0.53000000","b":160438480,"a":160433938,"T":1557446500516,"m":false,"M":true},{"e":"trade","E":1557446501115,"s":"BNBBTC","t":44512437,"p":"0.00304080","q":"0.33000000","b":160438484,"a":160424414,"T":1557446501110,"m":false,"M":true},{"e":"trade","E":1557446501161,"s":"BNBBTC","t":44512438,"p":"0.00304080","q":"1.03000000","b":160438485,"a":160424414,"T":1557446501157,"m":false,"M":true},{"e":"trade","E":1557446501225,"s":"BNBBTC","t":44512439,"p":"0.00304110","q":"1.56000000","b":160438488,"a":160438473,"T":1557446501220,"m":false,"M":true},{"e":"trade","E":1557446501250,"s":"BNBBTC","t":44512440,"p":"0.00304120","q":"12.33000000","b":160438490,"a":160423365,"T":1557446501245,"m":false,"M":true},{"e":"trade","E":1557446501250,"s":"BNBBTC","t":44512441,"p":"0.00304120","q":"6.09000000","b":160438490,"a":160424700,"T":1557446501245,"m":false,"M":true},{"e":"trade","E":1557446501270,"s":"BNBBTC","t":44512442,"p":"0.00304120","q":"0.91000000","b":160438492,"a":160424700,"T":1557446501266,"m":false,"M":true},{"e":"trade","E":1557446502823,"s":"BNBBTC","t":44512443,"p":"0.00303890","q":"2.83000000","b":160438503,"a":160438507,"T":1557446502817,"m":true,"M":true},{"e":"trade","E":1557446503772,"s":"BNBBTC","t":44512444,"p":"0.00303890","q":"1.55000000","b":160438513,"a":160438515,"T":1557446503766,"m":true,"M":true},{"e":"trade","E":1557446504204,"s":"BNBBTC","t":44512445,"p":"0.00304230","q":"49.54000000","b":160438519,"a":160423288,"T":1557446504198,"m":false,"M":true},{"e":"trade","E":1557446505146,"s":"BNBBTC","t":44512446,"p":"0.00303910","q":"3.22000000","b":160438533,"a":160438534,"T":1557446505142,"m":true,"M":true},{"e":"trade","E":1557446506172,"s":"BNBBTC","t":44512447,"p":"0.00303930","q":"0.57000000","b":160438550,"a":160438553,"T":1557446506167,"m":true,"M":true},{"e":"trade","E":1557446506735,"s":"BNBBTC","t":44512448,"p":"0.00304060","q":"2.76000000","b":160438562,"a":160438554,"T":1557446506729,"m":false,"M":true},{"e":"trade","E":1557446507200,"s":"BNBBTC","t":44512449,"p":"0.00303950","q":"2.69000000","b":160438564,"a":160438570,"T":1557446507196,"m":true,"M":true},{"e":"trade","E":1557446508675,"s":"BNBBTC","t":44512450,"p":"0.00303950","q":"1.71000000","b":160438581,"a":160438587,"T":1557446508670,"m":true,"M":true},{"e":"trade","E":1557446509759,"s":"BNBBTC","t":44512451,"p":"0.00303970","q":"5.91000000","b":160438597,"a":160438607,"T":1557446509755,"m":true,"M":true},{"e":"trade","E":1557446509759,"s":"BNBBTC","t":44512452,"p":"0.00303960","q":"0.05000000","b":160438594,"a":160438607,"T":1557446509755,"m":true,"M":true},{"e":"trade","E":1557446510015,"s":"BNBBTC","t":44512453,"p":"0.00304220","q":"5.91000000","b":160438616,"a":160438596,"T":1557446510012,"m":false,"M":true},{"e":"trade","E":1557446510016,"s":"BNBBTC","t":44512454,"p":"0.00304220","q":"3.22000000","b":160438616,"a":160438612,"T":1557446510012,"m":false,"M":true},{"e":"trade","E":1557446510617,"s":"BNBBTC","t":44512455,"p":"0.00304220","q":"9.35000000","b":160438629,"a":160438617,"T":1557446510613,"m":false,"M":true},{"e":"trade","E":1557446512501,"s":"BNBBTC","t":44512456,"p":"0.00304230","q":"6.87000000","b":160438650,"a":160423288,"T":1557446512496,"m":false,"M":true},{"e":"trade","E":1557446512895,"s":"BNBBTC","t":44512457,"p":"0.00304250","q":"6.00000000","b":160438664,"a":160429484,"T":1557446512889,"m":false,"M":true},{"e":"trade","E":1557446512895,"s":"BNBBTC","t":44512458,"p":"0.00304280","q":"0.35000000","b":160438664,"a":160426113,"T":1557446512889,"m":false,"M":true},{"e":"trade","E":1557446513157,"s":"BNBBTC","t":44512459,"p":"0.00304340","q":"1.00000000","b":160438668,"a":160426336,"T":1557446513152,"m":false,"M":true},{"e":"trade","E":1557446513157,"s":"BNBBTC","t":44512460,"p":"0.00304390","q":"2.00000000","b":160438668,"a":160429645,"T":1557446513152,"m":false,"M":true},{"e":"trade","E":1557446519973,"s":"BNBBTC","t":44512461,"p":"0.00304490","q":"2.00000000","b":160438731,"a":160438730,"T":1557446519968,"m":false,"M":true},{"e":"trade","E":1557446524228,"s":"BNBBTC","t":44512462,"p":"0.00304230","q":"4.99000000","b":160438711,"a":160438751,"T":1557446524223,"m":true,"M":true},{"e":"trade","E":1557446527487,"s":"BNBBTC","t":44512463,"p":"0.00304440","q":"1.00000000","b":160438777,"a":160438775,"T":1557446527479,"m":false,"M":true},{"e":"trade","E":1557446529928,"s":"BNBBTC","t":44512464,"p":"0.00304330","q":"0.39000000","b":160438779,"a":160438788,"T":1557446529920,"m":true,"M":true},{"e":"trade","E":1557446530550,"s":"BNBBTC","t":44512465,"p":"0.00304440","q":"7.53000000","b":160438795,"a":160438775,"T":1557446530546,"m":false,"M":true},{"e":"trade","E":1557446532017,"s":"BNBBTC","t":44512466,"p":"0.00304440","q":"1.00000000","b":160438795,"a":160438803,"T":1557446532013,"m":true,"M":true},{"e":"trade","E":1557446538219,"s":"BNBBTC","t":44512467,"p":"0.00304440","q":"33.26000000","b":160438795,"a":160438830,"T":1557446538214,"m":true,"M":true},{"e":"trade","E":1557446542689,"s":"BNBBTC","t":44512468,"p":"0.00304440","q":"10.60000000","b":160438861,"a":160438871,"T":1557446542682,"m":true,"M":true},{"e":"trade","E":1557446542924,"s":"BNBBTC","t":44512469,"p":"0.00304440","q":"14.26000000","b":160438861,"a":160438872,"T":1557446542920,"m":true,"M":true},{"e":"trade","E":1557446543871,"s":"BNBBTC","t":44512470,"p":"0.00304450","q":"6.72000000","b":160438874,"a":160438878,"T":1557446543864,"m":true,"M":true},{"e":"trade","E":1557446543871,"s":"BNBBTC","t":44512471,"p":"0.00304440","q":"0.46000000","b":160438861,"a":160438878,"T":1557446543864,"m":true,"M":true},{"e":"trade","E":1557446544379,"s":"BNBBTC","t":44512472,"p":"0.00304440","q":"1.01000000","b":160438861,"a":160438880,"T":1557446544373,"m":true,"M":true},{"e":"trade","E":1557446553068,"s":"BNBBTC","t":44512473,"p":"0.00304490","q":"4.24000000","b":160438907,"a":160438754,"T":1557446553063,"m":false,"M":true},{"e":"trade","E":1557446553068,"s":"BNBBTC","t":44512474,"p":"0.00304490","q":"4.27000000","b":160438907,"a":160438760,"T":1557446553063,"m":false,"M":true},{"e":"trade","E":1557446553068,"s":"BNBBTC","t":44512475,"p":"0.00304490","q":"37.50000000","b":160438907,"a":160438841,"T":1557446553063,"m":false,"M":true},{"e":"trade","E":1557446553068,"s":"BNBBTC","t":44512476,"p":"0.00304500","q":"1.02000000","b":160438907,"a":160438757,"T":1557446553063,"m":false,"M":true},{"e":"trade","E":1557446553068,"s":"BNBBTC","t":44512477,"p":"0.00304500","q":"30.44000000","b":160438907,"a":160438892,"T":1557446553063,"m":false,"M":true},{"e":"trade","E":1557446553081,"s":"BNBBTC","t":44512478,"p":"0.00304440","q":"19.07000000","b":160438861,"a":160438909,"T":1557446553077,"m":true,"M":true},{"e":"trade","E":1557446553086,"s":"BNBBTC","t":44512479,"p":"0.00304520","q":"0.65000000","b":160438910,"a":160433652,"T":1557446553082,"m":false,"M":true},{"e":"trade","E":1557446553123,"s":"BNBBTC","t":44512480,"p":"0.00304580","q":"3.22000000","b":160438915,"a":160438619,"T":1557446553118,"m":false,"M":true},{"e":"trade","E":1557446553123,"s":"BNBBTC","t":44512481,"p":"0.00304590","q":"10.60000000","b":160438915,"a":160424029,"T":1557446553118,"m":false,"M":true},{"e":"trade","E":1557446554167,"s":"BNBBTC","t":44512482,"p":"0.00304650","q":"21.34000000","b":160438932,"a":160438828,"T":1557446554162,"m":false,"M":true},{"e":"trade","E":1557446554282,"s":"BNBBTC","t":44512483,"p":"0.00304650","q":"14.23000000","b":160438935,"a":160438828,"T":1557446554277,"m":false,"M":true},{"e":"trade","E":1557446554418,"s":"BNBBTC","t":44512484,"p":"0.00304650","q":"7.14000000","b":160438936,"a":160438828,"T":1557446554413,"m":false,"M":true},{"e":"trade","E":1557446554685,"s":"BNBBTC","t":44512485,"p":"0.00304650","q":"3.20000000","b":160438938,"a":160438828,"T":1557446554679,"m":false,"M":true},{"e":"trade","E":1557446554950,"s":"BNBBTC","t":44512486,"p":"0.00304650","q":"2.13000000","b":160438942,"a":160438828,"T":1557446554943,"m":false,"M":true},{"e":"trade","E":1557446555134,"s":"BNBBTC","t":44512487,"p":"0.00304650","q":"1.42000000","b":160438947,"a":160438828,"T":1557446555128,"m":false,"M":true}