{"data":[{"seq":355153304,"timeStamp":1557503728343,"amount":0.00467765,"price":6412.5,"side":"sell"},{"seq":355153319,"timeStamp":1557503738508,"amount":0.002,"price":6416.8,"side":"sell"},{"seq":355153320,"timeStamp":1557503741395,"amount":0.03,"price":6416.8,"side":"sell"},{"seq":355153321,"timeStamp":1557503743410,"amount":0.00770666,"price":6416.83392872,"side":"buy"},{"seq":355153323,"timeStamp":1557503743410,"amount":0.09468627,"price":6419,"side":"buy"},{"seq":355153324,"timeStamp":1557503744410,"amount":5,"price":6419,"side":"buy"},{"seq":355153325,"timeStamp":1557503748823,"amount":0.002,"price":6419.8,"side":"sell"},{"seq":355153326,"timeStamp":1557503749622,"amount":0.075,"price":6419.8,"side":"sell"},{"seq":355153331,"timeStamp":1557503754811,"amount":0.025,"price":6419.8,"side":"sell"},{"seq":355153335,"timeStamp":1557503756539,"amount":0.02,"price":6419.8,"side":"sell"},{"seq":355153346,"timeStamp":1557503760061,"amount":0.00390238,"price":6419.86970024,"side":"buy"},{"seq":355153348,"timeStamp":1557503760061,"amount":0.00315556,"price":6419.9,"side":"buy"},{"seq":355153350,"timeStamp":1557503761229,"amount":7.95786452,"price":6420,"side":"buy"},{"seq":355153352,"timeStamp":1557503761229,"amount":0.0171729,"price":6420,"side":"buy"},{"seq":355153351,"timeStamp":1557503761229,"amount":0.001,"price":6420,"side":"buy"},{"seq":355153353,"timeStamp":1557503761229,"amount":0.03903232,"price":6420,"side":"buy"},{"seq":355153354,"timeStamp":1557503761229,"amount":0.0970957,"price":6420,"side":"buy"},{"seq":355153355,"timeStamp":1557503761229,"amount":1,"price":6420,"side":"buy"},{"seq":355153357,"timeStamp":1557503761229,"amount":0.01,"price":6420.6,"side":"buy"},{"seq":355153356,"timeStamp":1557503761229,"amount":0.01,"price":6420.3,"side":"buy"},{"seq":355153358,"timeStamp":1557503761229,"amount":0.1,"price":6420.7,"side":"buy"},{"seq":355153359,"timeStamp":1557503761229,"amount":0.2,"price":6420.8,"side":"buy"},{"seq":355153360,"timeStamp":1557503761229,"amount":0.08,"price":6421,"side":"buy"},{"seq":355153361,"timeStamp":1557503761229,"amount":0.098,"price":6421.2,"side":"buy"},{"seq":355153365,"timeStamp":1557503761229,"amount":0.14598841,"price":6423.8,"side":"buy"},{"seq":355153364,"timeStamp":1557503761229,"amount":0.08,"price":6422.5,"side":"buy"},{"seq":355153362,"timeStamp":1557503761229,"amount":0.15384615,"price":6421.3,"side":"buy"},{"seq":355153363,"timeStamp":1557503761229,"amount":0.01,"price":6422.2,"side":"buy"},{"seq":355153366,"timeStamp":1557503762197,"amount":0.0389,"price":6420.2,"side":"buy"},{"seq":355153367,"timeStamp":1557503762509,"amount":0.0849,"price":6420.2,"side":"buy"},{"seq":355153371,"timeStamp":1557503763351,"amount":0.044689,"price":6420.1,"side":"sell"},{"seq":355153373,"timeStamp":1557503763354,"amount":0.044689,"price":6420.1,"side":"sell"},{"seq":355153380,"timeStamp":1557503771137,"amount":0.00543576,"price":6420.2,"side":"buy"},{"seq":355153381,"timeStamp":1557503771968,"amount":0.005,"price":6420.1,"side":"sell"},{"seq":355153383,"timeStamp":1557503775808,"amount":0.005,"price":6420.2,"side":"buy"},{"seq":355153384,"timeStamp":1557503775815,"amount":0.015,"price":6420.2,"side":"buy"},{"seq":355153385,"timeStamp":1557503775822,"amount":0.005,"price":6420.2,"side":"buy"},{"seq":355153386,"timeStamp":1557503775828,"amount":0.005,"price":6420.2,"side":"buy"},{"seq":355153387,"timeStamp":1557503775834,"amount":0.1,"price":6420.2,"side":"buy"},{"seq":355153388,"timeStamp":1557503775839,"amount":0.01,"price":6420.2,"side":"buy"},{"seq":355153389,"timeStamp":1557503775844,"amount":0.005,"price":6420.2,"side":"buy"},{"seq":355153390,"timeStamp":1557503776643,"amount":0.04,"price":6420.2,"side":"buy"},{"seq":355153397,"timeStamp":1557503783594,"amount":0.0029142,"price":6420.20700818,"side":"buy"},{"seq":355153406,"timeStamp":1557503788247,"amount":0.003,"price":6420.20700818,"side":"buy"},{"seq":355153409,"timeStamp":1557503789291,"amount":0.00246421,"price":6420.20700818,"side":"buy"},{"seq":355153411,"timeStamp":1557503789291,"amount":0.00145681,"price":6420.20700818,"side":"buy"},{"seq":355153413,"timeStamp":1557503789291,"amount":0.001,"price":6423,"side":"buy"},{"seq":355153415,"timeStamp":1557503789291,"amount":0.00076215,"price":6423.7,"side":"buy"},{"seq":355153414,"timeStamp":1557503789291,"amount":0.01075018,"price":6423.6,"side":"buy"},{"seq":355153416,"timeStamp":1557503789323,"amount":0.00408756,"price":6423.7,"side":"buy"},{"seq":355153417,"timeStamp":1557503789323,"amount":0.00739492,"price":6423.8,"side":"buy"},{"seq":355153431,"timeStamp":1557503790631,"amount":0.01,"price":6423.9,"side":"buy"},{"seq":355153430,"timeStamp":1557503790631,"amount":0.00465425,"price":6423.8,"side":"buy"},{"seq":355153432,"timeStamp":1557503790631,"amount":0.03134575,"price":6423.9,"side":"buy"},{"seq":355153443,"timeStamp":1557503794030,"amount":0.04865425,"price":6423.9,"side":"buy"},{"seq":355153444,"timeStamp":1557503794030,"amount":0.00081729,"price":6423.9,"side":"buy"},{"seq":355153445,"timeStamp":1557503794030,"amount":0.00052846,"price":6423.91739559,"side":"buy"},{"seq":355153449,"timeStamp":1557503797358,"amount":0.00337146,"price":6423.91739559,"side":"buy"},{"seq":355153455,"timeStamp":1557503797358,"amount":1.53909984,"price":6424.9,"side":"buy"},{"seq":355153452,"timeStamp":1557503797358,"amount":0.01437921,"price":6424.1,"side":"buy"},{"seq":355153451,"timeStamp":1557503797358,"amount":5,"price":6424,"side":"buy"},{"seq":355153453,"timeStamp":1557503797358,"amount":0.15384615,"price":6424.2,"side":"buy"},{"seq":355153454,"timeStamp":1557503797358,"amount":0.1,"price":6424.8,"side":"buy"},{"seq":355153458,"timeStamp":1557503800426,"amount":0.005,"price":6423.8,"side":"sell"},{"seq":355153467,"timeStamp":1557503804309,"amount":0.0017886,"price":6423.8,"side":"sell"},{"seq":355153473,"timeStamp":1557503806573,"amount":0.01512196,"price":6424.6,"side":"buy"},{"seq":355153474,"timeStamp":1557503806791,"amount":0.00352639,"price":6423.8,"side":"sell"},{"seq":355153476,"timeStamp":1557503807790,"amount":0.00400817,"price":6423.8,"side":"sell"},{"seq":355153477,"timeStamp":1557503808774,"amount":0.00246056,"price":6423.8,"side":"sell"},{"seq":355153478,"timeStamp":1557503809746,"amount":0.00320803,"price":6423.8,"side":"sell"},{"seq":355153481,"timeStamp":1557503810723,"amount":0.0272,"price":6424,"side":"buy"},{"seq":355153480,"timeStamp":1557503810720,"amount":0.00348626,"price":6423.8,"side":"sell"},{"seq":355153482,"timeStamp":1557503811669,"amount":0.00108865,"price":6423.8,"side":"sell"},{"seq":355153483,"timeStamp":1557503811727,"amount":0.91579944,"price":6424.9,"side":"buy"},{"seq":355153485,"timeStamp":1557503812686,"amount":0.00347595,"price":6423.8,"side":"sell"},{"seq":355153487,"timeStamp":1557503813386,"amount":0.25,"price":6424.8,"side":"sell"},{"seq":355153488,"timeStamp":1557503813681,"amount":0.00276824,"price":6424.8,"side":"sell"},{"seq":355153489,"timeStamp":1557503814512,"amount":0.0331,"price":6423.9,"side":"sell"},{"seq":355153490,"timeStamp":1557503814630,"amount":0.00167722,"price":6423.9,"side":"sell"},{"seq":355153491,"timeStamp":1557503815760,"amount":0.00116506,"price":6424.7,"side":"sell"},{"seq":355153493,"timeStamp":1557503817065,"amount":0.0029127,"price":6424.7,"side":"sell"},{"seq":355153496,"timeStamp":1557503818005,"amount":0.00121149,"price":6424.8,"side":"buy"},{"seq":355153497,"timeStamp":1557503818005,"amount":0.28878851,"price":6424.9,"side":"buy"},{"seq":355153498,"timeStamp":1557503818108,"amount":0.00145152,"price":6424.8,"side":"sell"},{"seq":355153501,"timeStamp":1557503819037,"amount":0.00322815,"price":6424.7,"side":"sell"},{"seq":355153504,"timeStamp":1557503820467,"amount":0.00398348,"price":6424.7,"side":"sell"},{"seq":355153506,"timeStamp":1557503822352,"amount":0.05,"price":6424.8,"side":"buy"},{"seq":355153507,"timeStamp":1557503823239,"amount":0.005,"price":6424.8,"side":"buy"},{"seq":355153508,"timeStamp":1557503824527,"amount":0.05,"price":6424.7,"side":"buy"},{"seq":355153512,"timeStamp":1557503828447,"amount":0.01,"price":6424.5,"side":"sell"},{"seq":355153522,"timeStamp":1557503832077,"amount":0.005,"price":6424.59201148,"side":"buy"},{"seq":355153526,"timeStamp":1557503832946,"amount":0.00201216,"price":6424.6,"side":"buy"},{"seq":355153524,"timeStamp":1557503832946,"amount":0.00298784,"price":6424.59201148,"side":"buy"},{"seq":355153527,"timeStamp":1557503833035,"amount":0.1,"price":6424.5,"side":"sell"},{"seq":355153528,"timeStamp":1557503835595,"amount":0.67031344,"price":6424.9,"side":"buy"},{"seq":355153531,"timeStamp":1557503840305,"amount":0.005,"price":6424.8,"side":"sell"},{"seq":355153533,"timeStamp":1557503843035,"amount":0.002,"price":6424.7,"side":"sell"},{"seq":355153534,"timeStamp":1557503843035,"amount":0.018,"price":6424.5,"side":"sell"},{"seq":355153539,"timeStamp":1557503847798,"amount":0.29,"price":6424.8,"side":"buy"},{"seq":355153540,"timeStamp":1557503847798,"amount":0.00399221,"price":6424.81688344,"side":"buy"},{"seq":355153542,"timeStamp":1557503847798,"amount":0.09571459,"price":6424.9,"side":"buy"},{"seq":355153543,"timeStamp":1557503849505,"amount":0.005,"price":6424.9,"side":"buy"},{"seq":355153556,"timeStamp":1557503851393,"amount":0.17605363,"price":6424.9,"side":"buy"},{"seq":355153558,"timeStamp":1557503853015,"amount":0.98834374,"price":6423.8,"side":"sell"},{"seq":355153563,"timeStamp":1557503857281,"amount":0.005,"price":6424.2,"side":"buy"},{"seq":355153564,"timeStamp":1557503857923,"amount":0.125,"price":6423.8,"side":"sell"},{"seq":355153596,"timeStamp":1557503879279,"amount":0.262,"price":6423.8,"side":"sell"},{"seq":355153598,"timeStamp":1557503880170,"amount":0.005,"price":6423.8,"side":"sell"},{"seq":355153609,"timeStamp":1557503887520,"amount":0.03351925,"price":6423.9,"side":"buy"},{"seq":355153626,"timeStamp":1557503898312,"amount":0.00119798,"price":6423.9,"side":"sell"},{"seq":355153628,"timeStamp":1557503900673,"amount":0.00398338,"price":6423.9,"side":"sell"},{"seq":355153629,"timeStamp":1557503901721,"amount":0.00171159,"price":6423.9,"side":"sell"},{"seq":355153632,"timeStamp":1557503902905,"amount":0.0023939,"price":6423.9,"side":"sell"},{"seq":355153634,"timeStamp":1557503903960,"amount":0.00384996,"price":6423.9,"side":"sell"},{"seq":355153635,"timeStamp":1557503905393,"amount":0.00336202,"price":6423.9,"side":"sell"},{"seq":355153636,"timeStamp":1557503906323,"amount":0.00225055,"price":6423.9,"side":"sell"},{"seq":355153637,"timeStamp":1557503907390,"amount":0.00112855,"price":6423.9,"side":"sell"},{"seq":355153638,"timeStamp":1557503908331,"amount":0.00389989,"price":6423.91739559,"side":"buy"},{"seq":355153640,"timeStamp":1557503908331,"amount":0.00460149,"price":6423.91739559,"side":"buy"},{"seq":355153643,"timeStamp":1557503908352,"amount":0.00403687,"price":6423.9,"side":"sell"},{"seq":355153642,"timeStamp":1557503908331,"amount":0.00776163,"price":6424.7,"side":"buy"},{"seq":355153644,"timeStamp":1557503908685,"amount":0.51891256,"price":6424.6,"side":"sell"},{"seq":355153645,"timeStamp":1557503909272,"amount":0.00270976,"price":6424.6,"side":"sell"},{"seq":355153646,"timeStamp":1557503909355,"amount":0.01679678,"price":6424.7,"side":"buy"},{"seq":355153649,"timeStamp":1557503910459,"amount":0.00364045,"price":6424.6,"side":"sell"},{"seq":355153652,"timeStamp":1557503911388,"amount":0.00107988,"price":6424.6,"side":"sell"},{"seq":355153659,"timeStamp":1557503912358,"amount":0.07544159,"price":6424.7,"side":"buy"},{"seq":355153660,"timeStamp":1557503912358,"amount":0.04,"price":6424.7,"side":"buy"},{"seq":355153661,"timeStamp":1557503912358,"amount":1.65455841,"price":6424.9,"side":"buy"},{"seq":355153662,"timeStamp":1557503912520,"amount":0.00234253,"price":6424.6,"side":"sell"},{"seq":355153663,"timeStamp":1557503913461,"amount":0.00387136,"price":6424.6,"side":"sell"},{"seq":355153665,"timeStamp":1557503913809,"amount":0.00290295,"price":6424.7,"side":"buy"},{"seq":355153668,"timeStamp":1557503914401,"amount":0.00193636,"price":6424.6,"side":"sell"},{"seq":355153671,"timeStamp":1557503917984,"amount":0.01709705,"price":6424.7,"side":"buy"},{"seq":355153672,"timeStamp":1557503917984,"amount":0.09442316,"price":6424.9,"side":"buy"},{"seq":355153679,"timeStamp":1557503918781,"amount":0.00424552,"price":6424.70444746,"side":"buy"},{"seq":355153681,"timeStamp":1557503918781,"amount":0.19575448,"price":6424.9,"side":"buy"},{"seq":355153683,"timeStamp":1557503920473,"amount":0.03054951,"price":6424.9,"side":"buy"},{"seq":355153685,"timeStamp":1557503923192,"amount":1.58222732,"price":6424.9,"side":"buy"},{"seq":355153690,"timeStamp":1557503923532,"amount":1.07136487,"price":6424.9,"side":"buy"},{"seq":355153692,"timeStamp":1557503924127,"amount":1.34813028,"price":6424.9,"side":"buy"},{"seq":355153694,"timeStamp":1557503924532,"amount":0.0621682,"price":6424.9,"side":"buy"},{"seq":355153696,"timeStamp":1557503924628,"amount":2.5655,"price":6424.9,"side":"buy"},{"seq":355153697,"timeStamp":1557503924909,"amount":2.60455432,"price":6424.9,"side":"buy"},{"seq":355153698,"timeStamp":1557503924909,"amount":0.01,"price":6424.9,"side":"buy"},{"seq":355153702,"timeStamp":1557503924928,"amount":0.19470012,"price":6425,"side":"buy"},{"seq":355153699,"timeStamp":1557503924928,"amount":0.00389931,"price":6424.92931943,"side":"buy"},{"seq":355153704,"timeStamp":1557503924928,"amount":0.10529988,"price":6425,"side":"buy"},{"seq":355153701,"timeStamp":1557503924928,"amount":0.00140057,"price":6425,"side":"buy"},{"seq":355153706,"timeStamp":1557503924928,"amount":0.08,"price":6425.4,"side":"buy"},{"seq":355153703,"timeStamp":1557503924928,"amount":0.7,"price":6425,"side":"buy"},{"seq":355153705,"timeStamp":1557503924928,"amount":1,"price":6425,"side":"buy"},{"seq":355153708,"timeStamp":1557503924928,"amount":0.035,"price":6426,"side":"buy"},{"seq":355153710,"timeStamp":1557503924928,"amount":0.58351478,"price":6426.2,"side":"buy"},{"seq":355153707,"timeStamp":1557503924928,"amount":0.01,"price":6425.5,"side":"buy"},{"seq":355153709,"timeStamp":1557503924928,"amount":0.0625,"price":6426.1,"side":"buy"},{"seq":355153713,"timeStamp":1557503924928,"amount":0.02,"price":6426.2,"side":"buy"},{"seq":355153714,"timeStamp":1557503924928,"amount":0.01,"price":6426.2,"side":"buy"},{"seq":355153711,"timeStamp":1557503924928,"amount":0.015,"price":6426.2,"side":"buy"},{"seq":355153712,"timeStamp":1557503924928,"amount":5,"price":6426.2,"side":"buy"},{"seq":355153715,"timeStamp":1557503924928,"amount":0.2,"price":6426.2,"side":"buy"},{"seq":355153716,"timeStamp":1557503925522,"amount":0.005,"price":6426.2,"side":"buy"},{"seq":355153717,"timeStamp":1557503925553,"amount":1.46027268,"price":6426.2,"side":"buy"},{"seq":355153736,"timeStamp":1557503925669,"amount":0.08,"price":6426.8,"side":"buy"},{"seq":355153735,"timeStamp":1557503925669,"amount":1.70621254,"price":6426.2,"side":"buy"},{"seq":355153740,"timeStamp":1557503925669,"amount":0.01399594,"price":6427.3,"side":"buy"},{"seq":355153747,"timeStamp":1557503925669,"amount":0.54050475,"price":6428.9,"side":"buy"},{"seq":355153738,"timeStamp":1557503925669,"amount":0.15384615,"price":6427,"side":"buy"},{"seq":355153737,"timeStamp":1557503925669,"amount":0.00214035,"price":6427,"side":"buy"},{"seq":355153742,"timeStamp":1557503925669,"amount":0.2,"price":6428,"side":"buy"},{"seq":355153741,"timeStamp":1557503925669,"amount":0.0008,"price":6428,"side":"buy"},{"seq":355153743,"timeStamp":1557503925669,"amount":0.08,"price":6428.3,"side":"buy"},{"seq":355153739,"timeStamp":1557503925669,"amount":0.01,"price":6427.1,"side":"buy"},{"seq":355153744,"timeStamp":1557503925669,"amount":0.16000027,"price":6428.6,"side":"buy"},{"seq":355153746,"timeStamp":1557503925669,"amount":0.1698,"price":6428.8,"side":"buy"},{"seq":355153748,"timeStamp":1557503925669,"amount":2,"price":6428.9,"side":"buy"},{"seq":355153745,"timeStamp":1557503925669,"amount":0.01,"price":6428.8,"side":"buy"},{"seq":355153751,"timeStamp":1557503925850,"amount":0.09057598,"price":6428.9,"side":"buy"},{"seq":355153754,"timeStamp":1557503926236,"amount":2.86400501,"price":6428.9,"side":"buy"},{"seq":355153755,"timeStamp":1557503926335,"amount":0.01,"price":6428.9,"side":"buy"},{"seq":355153756,"timeStamp":1557503926345,"amount":0.05,"price":6428.9,"side":"buy"},{"seq":355153757,"timeStamp":1557503926355,"amount":0.005,"price":6428.9,"side":"buy"},{"seq":355153759,"timeStamp":1557503926376,"amount":0.005,"price":6428.9,"side":"buy"},{"seq":355153758,"timeStamp":1557503926365,"amount":0.505,"price":6428.9,"side":"buy"},{"seq":355153760,"timeStamp":1557503926387,"amount":0.005,"price":6428.9,"side":"buy"},{"seq":355153765,"timeStamp":1557503926555,"amount":0.15384615,"price":6429.8,"side":"buy"},{"seq":355153764,"timeStamp":1557503926555,"amount":0.08,"price":6429.7,"side":"buy"},{"seq":355153763,"timeStamp":1557503926555,"amount":0.1,"price":6429,"side":"buy"},{"seq":355153766,"timeStamp":1557503926555,"amount":0.07618898,"price":6430,"side":"buy"},{"seq":355153768,"timeStamp":1557503926555,"amount":0.25,"price":6430,"side":"buy"},{"seq":355153769,"timeStamp":1557503926555,"amount":0.1,"price":6430,"side":"buy"},{"seq":355153767,"timeStamp":1557503926555,"amount":0.92381102,"price":6430,"side":"buy"},{"seq":355153770,"timeStamp":1557503926555,"amount":0.1,"price":6430,"side":"buy"},{"seq":355153772,"timeStamp":1557503926555,"amount":0.08,"price":6430,"side":"buy"},{"seq":355153771,"timeStamp":1557503926555,"amount":0.62618898,"price":6430,"side":"buy"},{"seq":355153773,"timeStamp":1557503926660,"amount":0.005,"price":6429.20188674,"side":"sell"},{"seq":355153775,"timeStamp":1557503926771,"amount":0.1069922,"price":6430,"side":"buy"},{"seq":355153776,"timeStamp":1557503926771,"amount":0.01,"price":6430,"side":"buy"},{"seq":355153777,"timeStamp":1557503926771,"amount":0.02,"price":6430,"side":"buy"},{"seq":355153778,"timeStamp":1557503926771,"amount":0.6980078,"price":6430,"side":"buy"},{"seq":355153788,"timeStamp":1557503927166,"amount":0.9361,"price":6430,"side":"buy"},{"seq":355153795,"timeStamp":1557503927846,"amount":0.8434,"price":6430,"side":"buy"},{"seq":355153796,"timeStamp":1557503927870,"amount":0.447,"price":6430,"side":"buy"},{"seq":355153797,"timeStamp":1557503927935,"amount":0.1849835,"price":6430,"side":"buy"},{"seq":355153810,"timeStamp":1557503928891,"amount":1,"price":6430,"side":"buy"},{"seq":355153819,"timeStamp":1557503929484,"amount":0.1,"price":6430,"side":"buy"},{"seq":355153822,"timeStamp":1557503929651,"amount":0.4876165,"price":6430,"side":"buy"},{"seq":355153836,"timeStamp":1557503929861,"amount":0.19013106,"price":6430,"side":"buy"},{"seq":355153839,"timeStamp":1557503929864,"amount":0.06602274,"price":6430,"side":"buy"},{"seq":355153863,"timeStamp":1557503930995,"amount":0.05580064,"price":6430,"side":"buy"},{"seq":355153868,"timeStamp":1557503931198,"amount":0.09390405,"price":6430,"side":"buy"},{"seq":355153872,"timeStamp":1557503931546,"amount":0.17463204,"price":6430,"side":"buy"},{"seq":355153875,"timeStamp":1557503931680,"amount":0.0200734,"price":6430,"side":"buy"},{"seq":355153879,"timeStamp":1557503931723,"amount":0.09917739,"price":6430,"side":"buy"},{"seq":355153883,"timeStamp":1557503931839,"amount":0.2,"price":6430,"side":"buy"},{"seq":355153884,"timeStamp":1557503931926,"amount":0.2,"price":6430,"side":"buy"},{"seq":355153887,"timeStamp":1557503932112,"amount":1,"price":6430,"side":"buy"},{"seq":355153888,"timeStamp":1557503932119,"amount":0.8,"price":6430,"side":"buy"},{"seq":355153889,"timeStamp":1557503932147,"amount":1.173,"price":6430,"side":"buy"},{"seq":355153893,"timeStamp":1557503932437,"amount":0.04054057,"price":6430,"side":"buy"},{"seq":355153894,"timeStamp":1557503932518,"amount":0.02748079,"price":6430,"side":"buy"},{"seq":355153898,"timeStamp":1557503932696,"amount":0.008,"price":6430,"side":"buy"},{"seq":355153899,"timeStamp":1557503932696,"amount":0.01,"price":6430.4,"side":"buy"},{"seq":355153895,"timeStamp":1557503932696,"amount":0.16212952,"price":6430,"side":"buy"},{"seq":355153896,"timeStamp":1557503932696,"amount":0.01,"price":6430,"side":"buy"},{"seq":355153897,"timeStamp":1557503932696,"amount":0.001,"price":6430,"side":"buy"},{"seq":355153902,"timeStamp":1557503932696,"amount":0.003996,"price":6431,"side":"buy"},{"seq":355153900,"timeStamp":1557503932696,"amount":0.08148205,"price":6430.6,"side":"buy"},{"seq":355153901,"timeStamp":1557503932696,"amount":0.08264324,"price":6430.9,"side":"buy"},{"seq":355153903,"timeStamp":1557503932696,"amount":0.08380443,"price":6431.1,"side":"buy"},{"seq":355153905,"timeStamp":1557503932696,"amount":0.0507291,"price":6431.4,"side":"buy"},{"seq":355153906,"timeStamp":1557503932696,"amount":0.0153,"price":6431.4,"side":"buy"},{"seq":355153904,"timeStamp":1557503932696,"amount":0.08,"price":6431.2,"side":"buy"},{"seq":355153909,"timeStamp":1557503932729,"amount":0.05,"price":6431.7,"side":"buy"},{"seq":355153910,"timeStamp":1557503932729,"amount":0.08728801,"price":6431.9,"side":"buy"},{"seq":355153907,"timeStamp":1557503932729,"amount":0.01893652,"price":6431.4,"side":"buy"},{"seq":355153911,"timeStamp":1557503932729,"amount":0.1,"price":6432,"side":"buy"},{"seq":355153908,"timeStamp":1557503932729,"amount":0.08612681,"price":6431.7,"side":"buy"},{"seq":355153912,"timeStamp":1557503932729,"amount":0.01,"price":6432,"side":"buy"},{"seq":355153913,"timeStamp":1557503932729,"amount":0.0884492,"price":6432.2,"side":"buy"},{"seq":355153914,"timeStamp":1557503932729,"amount":0.08961039,"price":6432.4,"side":"buy"},{"seq":355153915,"timeStamp":1557503932729,"amount":0.08,"price":6432.6,"side":"buy"},{"seq":355153916,"timeStamp":1557503932729,"amount":0.09077158,"price":6432.7,"side":"buy"},{"seq":355153917,"timeStamp":1557503932729,"amount":0.15384615,"price":6432.7,"side":"buy"},{"seq":355153918,"timeStamp":1557503932729,"amount":0.002,"price":6433,"side":"buy"},{"seq":355153919,"timeStamp":1557503932729,"amount":0.09193277,"price":6433,"side":"buy"},{"seq":355153920,"timeStamp":1557503932729,"amount":0.09309396,"price":6433.2,"side":"buy"},{"seq":355153921,"timeStamp":1557503932729,"amount":0.15913232,"price":6433.3,"side":"buy"},{"seq":355153924,"timeStamp":1557503932729,"amount":0.09541635,"price":6433.8,"side":"buy"},{"seq":355153922,"timeStamp":1557503932729,"amount":0.09425516,"price":6433.5,"side":"buy"},{"seq":355153923,"timeStamp":1557503932729,"amount":0.01,"price":6433.7,"side":"buy"},{"seq":355153925,"timeStamp":1557503932729,"amount":0.09657754,"price":6434,"side":"buy"},{"seq":355153927,"timeStamp":1557503932729,"amount":0.06712055,"price":6434,"side":"buy"},{"seq":355153926,"timeStamp":1557503932729,"amount":0.15046324,"price":6434,"side":"buy"},{"seq":355153928,"timeStamp":1557503932729,"amount":0.08,"price":6434.1,"side":"buy"},{"seq":355153930,"timeStamp":1557503932729,"amount":0.08617472,"price":6434.6,"side":"buy"},{"seq":355153929,"timeStamp":1557503932729,"amount":0.09773873,"price":6434.3,"side":"buy"},{"seq":355153931,"timeStamp":1557503932729,"amount":0.01382528,"price":6434.6,"side":"buy"},{"seq":355153932,"timeStamp":1557503932729,"amount":0.08617472,"price":6434.6,"side":"buy"},{"seq":355153935,"timeStamp":1557503933162,"amount":0.005,"price":6434.6,"side":"buy"},{"seq":355153936,"timeStamp":1557503933168,"amount":0.0077252,"price":6434.6,"side":"buy"},{"seq":355153937,"timeStamp":1557503933168,"amount":0.0172748,"price":6434.8,"side":"buy"},{"seq":355153938,"timeStamp":1557503933198,"amount":0.005,"price":6434.8,"side":"buy"},{"seq":355153939,"timeStamp":1557503933209,"amount":0.005,"price":6434.8,"side":"buy"},{"seq":355153940,"timeStamp":1557503933227,"amount":0.0352252,"price":6434.8,"side":"buy"},{"seq":355153942,"timeStamp":1557503933239,"amount":0.005,"price":6434.8,"side":"buy"},{"seq":355153941,"timeStamp":1557503933227,"amount":0.0147748,"price":6434.8,"side":"buy"},{"seq":355153943,"timeStamp":1557503933245,"amount":0.005,"price":6434.8,"side":"buy"},{"seq":355153946,"timeStamp":1557503933471,"amount":0.025,"price":6434.760568,"side":"sell"},{"seq":355153948,"timeStamp":1557503933627,"amount":0.07528632,"price":6434.8,"side":"buy"},{"seq":355153949,"timeStamp":1557503933627,"amount":0.249,"price":6435,"side":"buy"},{"seq":355153950,"timeStamp":1557503933627,"amount":0.01,"price":6435,"side":"buy"},{"seq":355153951,"timeStamp":1557503933627,"amount":0.001,"price":6435,"side":"buy"},{"seq":355153952,"timeStamp":1557503933627,"amount":0.01,"price":6435.1,"side":"buy"},{"seq":355153953,"timeStamp":1557503933627,"amount":0.08721368,"price":6435.1,"side":"buy"},{"seq":355153954,"timeStamp":1557503933627,"amount":0.0137,"price":6435.1,"side":"buy"},{"seq":355153959,"timeStamp":1557503934202,"amount":0.00030863,"price":6435.1,"side":"buy"},{"seq":355153961,"timeStamp":1557503934202,"amount":0.01,"price":6435.3,"side":"buy"},{"seq":355153960,"timeStamp":1557503934202,"amount":0.05,"price":6435.3,"side":"buy"},{"seq":355153962,"timeStamp":1557503934202,"amount":0.1023835,"price":6435.4,"side":"buy"},{"seq":355153963,"timeStamp":1557503934202,"amount":0.00781441,"price":6435.5,"side":"buy"},{"seq":355153964,"timeStamp":1557503934230,"amount":0.01123509,"price":6435.5,"side":"buy"},{"seq":355153965,"timeStamp":1557503934377,"amount":0.025,"price":6435.4,"side":"sell"},{"seq":355153966,"timeStamp":1557503934393,"amount":0.13479665,"price":6435.5,"side":"buy"},{"seq":355153967,"timeStamp":1557503934393,"amount":0.08,"price":6435.6,"side":"buy"},{"seq":355153968,"timeStamp":1557503934393,"amount":0.10354469,"price":6435.6,"side":"buy"},{"seq":355153969,"timeStamp":1557503934393,"amount":0.10470588,"price":6435.9,"side":"buy"},{"seq":355153970,"timeStamp":1557503934393,"amount":0.09585278,"price":6436.2,"side":"buy"},{"seq":355153974,"timeStamp":1557503934543,"amount":0.01001429,"price":6436.2,"side":"buy"},{"seq":355153976,"timeStamp":1557503934555,"amount":0.05652937,"price":6436.4,"side":"buy"},{"seq":355153977,"timeStamp":1557503934566,"amount":0.0504989,"price":6436.4,"side":"buy"},{"seq":355153978,"timeStamp":1557503934566,"amount":0.10818946,"price":6436.7,"side":"buy"},{"seq":355153979,"timeStamp":1557503934566,"amount":0.01,"price":6436.9,"side":"buy"},{"seq":355153980,"timeStamp":1557503934566,"amount":0.10935065,"price":6436.9,"side":"buy"},{"seq":355153981,"timeStamp":1557503934566,"amount":0.08,"price":6437,"side":"buy"},{"seq":355153982,"timeStamp":1557503934566,"amount":0.00596238,"price":6437.1,"side":"buy"},{"seq":355153984,"timeStamp":1557503934566,"amount":0.11051184,"price":6437.2,"side":"buy"},{"seq":355153983,"timeStamp":1557503934566,"amount":0.039,"price":6437.2,"side":"buy"},{"seq":355153987,"timeStamp":1557503934566,"amount":0.01492833,"price":6437.7,"side":"buy"},{"seq":355153986,"timeStamp":1557503934566,"amount":0.11167303,"price":6437.5,"side":"buy"},{"seq":355153985,"timeStamp":1557503934566,"amount":0.0008,"price":6437.3,"side":"buy"},{"seq":355153992,"timeStamp":1557503934758,"amount":0.02874218,"price":6437.7,"side":"buy"},{"seq":355153993,"timeStamp":1557503934785,"amount":0.01214931,"price":6437.7,"side":"buy"},{"seq":355153994,"timeStamp":1557503935020,"amount":0.0570144,"price":6437.7,"side":"buy"},{"seq":355153995,"timeStamp":1557503935020,"amount":0.05690023,"price":6438,"side":"buy"},{"seq":355154000,"timeStamp":1557503935319,"amount":0.19854848,"price":6438,"side":"buy"},{"seq":355154008,"timeStamp":1557503935738,"amount":0.5,"price":6438,"side":"buy"},{"seq":355154009,"timeStamp":1557503935744,"amount":0.025,"price":6438,"side":"buy"},{"seq":355154010,"timeStamp":1557503935827,"amount":0.77,"price":6438,"side":"buy"},{"seq":355154011,"timeStamp":1557503935915,"amount":0.77,"price":6438,"side":"buy"},{"seq":355154012,"timeStamp":1557503936144,"amount":0.16488136,"price":6438,"side":"buy"},{"seq":355154014,"timeStamp":1557503936745,"amount":0.01019389,"price":6437.8,"side":"buy"},{"seq":355154015,"timeStamp":1557503937229,"amount":0.005,"price":6437.8,"side":"buy"},{"seq":355154024,"timeStamp":1557503939320,"amount":0.01,"price":6437.8,"side":"buy"},{"seq":355154028,"timeStamp":1557503940031,"amount":0.1,"price":6437.6,"side":"buy"},{"seq":355154033,"timeStamp":1557503941055,"amount":0.0009367,"price":6437.7,"side":"buy"},{"seq":355154034,"timeStamp":1557503941055,"amount":0.0490633,"price":6437.8,"side":"buy"},{"seq":355154040,"timeStamp":1557503942230,"amount":0.21385725,"price":6437.8,"side":"buy"},{"seq":355154057,"timeStamp":1557503948425,"amount":0.00657229,"price":6437.63458539,"side":"buy"},{"seq":355154059,"timeStamp":1557503948425,"amount":0.71188556,"price":6437.8,"side":"buy"},{"seq":355154060,"timeStamp":1557503948425,"amount":0.01595634,"price":6437.9,"side":"buy"},{"seq":355154061,"timeStamp":1557503948425,"amount":1.26558581,"price":6438,"side":"buy"},{"seq":355154066,"timeStamp":1557503949272,"amount":0.4099,"price":6438,"side":"buy"},{"seq":355154070,"timeStamp":1557503949820,"amount":0.5,"price":6438,"side":"buy"},{"seq":355154078,"timeStamp":1557503951695,"amount":0.2,"price":6438,"side":"buy"},{"seq":355154079,"timeStamp":1557503951706,"amount":0.1,"price":6438,"side":"buy"},{"seq":355154080,"timeStamp":1557503951730,"amount":0.1,"price":6438,"side":"buy"},{"seq":355154081,"timeStamp":1557503952839,"amount":0.025,"price":6437.5,"side":"sell"},{"seq":355154083,"timeStamp":1557503955218,"amount":0.005,"price":6437.5,"side":"sell"},{"seq":355154082,"timeStamp":1557503955210,"amount":0.01,"price":6437.5,"side":"sell"},{"seq":355154084,"timeStamp":1557503955497,"amount":0.01,"price":6437.5,"side":"sell"},{"seq":355154090,"timeStamp":1557503957527,"amount":0.005,"price":6437.5,"side":"sell"},{"seq":355154091,"timeStamp":1557503957918,"amount":0.002,"price":6437.5,"side":"sell"},{"seq":355154092,"timeStamp":1557503957918,"amount":0.003,"price":6437.4,"side":"sell"},{"seq":355154095,"timeStamp":1557503964353,"amount":0.005,"price":6436.26483642,"side":"sell"},{"seq":355154099,"timeStamp":1557503966553,"amount":0.02,"price":6436.3,"side":"buy"},{"seq":355154100,"timeStamp":1557503966553,"amount":0.03991169,"price":6436.3,"side":"buy"},{"seq":355154101,"timeStamp":1557503966831,"amount":0.00825963,"price":6436.3,"side":"buy"},{"seq":355154104,"timeStamp":1557503967314,"amount":0.2,"price":6436.3,"side":"buy"},{"seq":355154117,"timeStamp":1557503967515,"amount":0.20143118,"price":6436.3,"side":"buy"},{"seq":355154118,"timeStamp":1557503967614,"amount":0.00267355,"price":6436.26483642,"side":"sell"},{"seq":355154120,"timeStamp":1557503967614,"amount":0.01001429,"price":6436.2,"side":"sell"},{"seq":355154121,"timeStamp":1557503967614,"amount":0.08731216,"price":6436.2,"side":"sell"},{"seq":355154122,"timeStamp":1557503967884,"amount":0.21301455,"price":6436.3,"side":"buy"},{"seq":355154131,"timeStamp":1557503971496,"amount":0.025,"price":6436.2,"side":"sell"},{"seq":355154132,"timeStamp":1557503972529,"amount":0.11527396,"price":6436.3,"side":"buy"},{"seq":355154133,"timeStamp":1557503972632,"amount":0.01,"price":6436.2,"side":"sell"},{"seq":355154134,"timeStamp":1557503973291,"amount":0.25966528,"price":6436.3,"side":"buy"},{"seq":355154143,"timeStamp":1557503974651,"amount":0.19593643,"price":6436.3,"side":"buy"},{"seq":355154144,"timeStamp":1557503974918,"amount":0.01540897,"price":6436.3,"side":"buy"},{"seq":355154145,"timeStamp":1557503975026,"amount":0.08860827,"price":6436.3,"side":"buy"},{"seq":355154166,"timeStamp":1557503981847,"amount":0.005,"price":6436.2,"side":"sell"},{"seq":355154174,"timeStamp":1557503984557,"amount":0.00389243,"price":6436.28535361,"side":"buy"},{"seq":355154176,"timeStamp":1557503984557,"amount":0.01004633,"price":6436.3,"side":"buy"},{"seq":355154177,"timeStamp":1557503984557,"amount":0.0102979,"price":6436.3,"side":"buy"},{"seq":355154185,"timeStamp":1557503985575,"amount":0.01003156,"price":6436.3,"side":"buy"},{"seq":355154186,"timeStamp":1557503985651,"amount":0.01090017,"price":6436.3,"side":"buy"},{"seq":355154189,"timeStamp":1557503985928,"amount":0.05432705,"price":6436.3,"side":"buy"},{"seq":355154194,"timeStamp":1557503987117,"amount":0.007279,"price":6436.2,"side":"sell"},{"seq":355154197,"timeStamp":1557503988441,"amount":0.00261173,"price":6436.2,"side":"sell"},{"seq":355154203,"timeStamp":1557503990772,"amount":0.00167179,"price":6436.2,"side":"sell"},{"seq":355154205,"timeStamp":1557503991114,"amount":0.00106262,"price":6436.2,"side":"sell"},{"seq":355154206,"timeStamp":1557503992213,"amount":0.00278466,"price":6436.2,"side":"sell"},{"seq":355154207,"timeStamp":1557503992328,"amount":0.005,"price":6436.2,"side":"sell"},{"seq":355154211,"timeStamp":1557503993206,"amount":0.00372108,"price":6436.2,"side":"sell"},{"seq":355154212,"timeStamp":1557503994156,"amount":0.00351337,"price":6436.2,"side":"sell"},{"seq":355154213,"timeStamp":1557503994503,"amount":0.0486,"price":6436.3,"side":"buy"},{"seq":355154215,"timeStamp":1557503995102,"amount":0.2319715,"price":6436.2,"side":"sell"},{"seq":355154214,"timeStamp":1557503995102,"amount":0.54504359,"price":6436.2,"side":"sell"},{"seq":355154219,"timeStamp":1557503995210,"amount":0.00159182,"price":6436.2,"side":"sell"},{"seq":355154222,"timeStamp":1557503996251,"amount":0.00158117,"price":6436.2,"side":"sell"},{"seq":355154223,"timeStamp":1557503996454,"amount":0.01,"price":6436.2,"side":"sell"},{"seq":355154226,"timeStamp":1557503997200,"amount":0.00359365,"price":6436.2,"side":"sell"},{"seq":355154228,"timeStamp":1557503998285,"amount":0.00366169,"price":6436.2,"side":"sell"},{"seq":355154229,"timeStamp":1557503998798,"amount":0.025,"price":6436.2,"side":"sell"},{"seq":355154230,"timeStamp":1557503998845,"amount":0.31421382,"price":6436.2,"side":"sell"},{"seq":355154231,"timeStamp":1557503999009,"amount":0.01,"price":6432.1,"side":"sell"},{"seq":355154232,"timeStamp":1557503999302,"amount":0.00099395,"price":6432.1,"side":"sell"},{"seq":355154237,"timeStamp":1557504000785,"amount":0.0030667,"price":6432.1,"side":"sell"},{"seq":355154240,"timeStamp":1557504001443,"amount":0.0148,"price":6432.2,"side":"buy"},{"seq":355154241,"timeStamp":1557504001922,"amount":0.06,"price":6432.2,"side":"buy"},{"seq":355154246,"timeStamp":1557504003110,"amount":0.46741198,"price":6426.84073112,"side":"sell"},{"seq":355154248,"timeStamp":1557504003110,"amount":0.53258802,"price":6426.8,"side":"sell"},{"seq":355154249,"timeStamp":1557504003110,"amount":0.01,"price":6426.8,"side":"sell"},{"seq":355154250,"timeStamp":1557504003205,"amount":0.01561037,"price":6429.5,"side":"buy"},{"seq":355154263,"timeStamp":1557504003300,"amount":0.00001,"price":6429.4,"side":"buy"},{"seq":355154260,"timeStamp":1557504003294,"amount":0.100005,"price":6429.4,"side":"buy"},{"seq":355154256,"timeStamp":1557504003289,"amount":0.099995,"price":6429.4,"side":"buy"},{"seq":355154264,"timeStamp":1557504003300,"amount":0.19319763,"price":6429.5,"side":"buy"},{"seq":355154262,"timeStamp":1557504003294,"amount":0.09999,"price":6429.4,"side":"buy"},{"seq":355154266,"timeStamp":1557504003306,"amount":0.00680237,"price":6429.5,"side":"buy"},{"seq":355154269,"timeStamp":1557504003448,"amount":0.02005562,"price":6429.6,"side":"buy"},{"seq":355154271,"timeStamp":1557504003650,"amount":0.01682441,"price":6429.6,"side":"buy"},{"seq":355154272,"timeStamp":1557504003747,"amount":0.0160417,"price":6429.6,"side":"buy"},{"seq":355154274,"timeStamp":1557504003784,"amount":0.01,"price":6429.53919469,"side":"sell"},{"seq":355154276,"timeStamp":1557504003948,"amount":0.00091619,"price":6429.6,"side":"buy"},{"seq":355154279,"timeStamp":1557504004929,"amount":0.00463117,"price":6429.53919469,"side":"sell"},{"seq":355154288,"timeStamp":1557504005707,"amount":0.00447857,"price":6428.2,"side":"sell"},{"seq":355154289,"timeStamp":1557504005713,"amount":0.04268487,"price":6427.6,"side":"sell"},{"seq":355154291,"timeStamp":1557504005713,"amount":1.5841,"price":6426.9,"side":"sell"},{"seq":355154290,"timeStamp":1557504005713,"amount":0.00447857,"price":6427.6,"side":"sell"},{"seq":355154292,"timeStamp":1557504005713,"amount":0.04268487,"price":6426.9,"side":"sell"},{"seq":355154286,"timeStamp":1557504005704,"amount":0.00948092,"price":6428.2,"side":"sell"},{"seq":355154287,"timeStamp":1557504005707,"amount":0.03320395,"price":6428.2,"side":"sell"},{"seq":355154293,"timeStamp":1557504005713,"amount":0.00447857,"price":6426.9,"side":"sell"},{"seq":355154294,"timeStamp":1557504005713,"amount":0.32157312,"price":6426.3,"side":"sell"},{"seq":355154295,"timeStamp":1557504005756,"amount":0.00944637,"price":6426.3,"side":"sell"},{"seq":355154298,"timeStamp":1557504005889,"amount":0.015,"price":6426.3,"side":"sell"},{"seq":355154301,"timeStamp":1557504008165,"amount":0.05,"price":6426.4,"side":"sell"},{"seq":355154305,"timeStamp":1557504009391,"amount":0.005,"price":6426.3,"side":"sell"},{"seq":355154306,"timeStamp":1557504009731,"amount":0.02268487,"price":6426.3,"side":"sell"},{"seq":355154307,"timeStamp":1557504009731,"amount":0.00231513,"price":6426.3,"side":"sell"},{"seq":355154308,"timeStamp":1557504010047,"amount":0.16,"price":6427.3,"side":"buy"},{"seq":355154312,"timeStamp":1557504010724,"amount":0.00216344,"price":6426.3,"side":"sell"},{"seq":355154313,"timeStamp":1557504010724,"amount":0.04268487,"price":6425.6,"side":"sell"},{"seq":355154314,"timeStamp":1557504010724,"amount":0.00447857,"price":6425.6,"side":"sell"},{"seq":355154315,"timeStamp":1557504010724,"amount":0.04268487,"price":6425,"side":"sell"},{"seq":355154317,"timeStamp":1557504010724,"amount":0.04268487,"price":6424.4,"side":"sell"},{"seq":355154319,"timeStamp":1557504010724,"amount":0.35634624,"price":6424.2,"side":"sell"},{"seq":355154316,"timeStamp":1557504010724,"amount":0.00447857,"price":6425,"side":"sell"},{"seq":355154318,"timeStamp":1557504010724,"amount":0.00447857,"price":6424.4,"side":"sell"},{"seq":355154321,"timeStamp":1557504010983,"amount":0.044888,"price":6423.9,"side":"sell"},{"seq":355154322,"timeStamp":1557504011075,"amount":0.005,"price":6424.2,"side":"buy"},{"seq":355154323,"timeStamp":1557504012576,"amount":0.00290837,"price":6423.9,"side":"sell"},{"seq":355154329,"timeStamp":1557504014385,"amount":0.040084,"price":6424.2,"side":"buy"},{"seq":355154330,"timeStamp":1557504014385,"amount":0.00655964,"price":6425.5,"side":"buy"},{"seq":355154331,"timeStamp":1557504014842,"amount":0.005,"price":6425.6,"side":"buy"},{"seq":355154332,"timeStamp":1557504016230,"amount":0.005,"price":6423.9,"side":"sell"},{"seq":355154333,"timeStamp":1557504016439,"amount":0.01,"price":6423.9,"side":"sell"},{"seq":355154340,"timeStamp":1557504017899,"amount":0.02,"price":6423.9,"side":"sell"},{"seq":355154341,"timeStamp":1557504018054,"amount":0.005,"price":6423.9,"side":"sell"},{"seq":355154342,"timeStamp":1557504020364,"amount":0.005,"price":6424,"side":"sell"},{"seq":355154344,"timeStamp":1557504021402,"amount":0.005,"price":6424,"side":"sell"},{"seq":355154345,"timeStamp":1557504021789,"amount":0.02725431,"price":6425,"side":"buy"},{"seq":355154347,"timeStamp":1557504025940,"amount":0.005,"price":6424.1,"side":"sell"},{"seq":355154348,"timeStamp":1557504028706,"amount":0.01,"price":6424.2,"side":"sell"},{"seq":355154349,"timeStamp":1557504029754,"amount":0.05,"price":6424.2,"side":"sell"},{"seq":355154357,"timeStamp":1557504035240,"amount":0.00794044,"price":6424.59201148,"side":"buy"},{"seq":355154359,"timeStamp":1557504035240,"amount":0.00805956,"price":6424.6,"side":"buy"},{"seq":355154360,"timeStamp":1557504035292,"amount":0.12500001,"price":6424.4,"side":"sell"},{"seq":355154361,"timeStamp":1557504035292,"amount":0.04152945,"price":6424.3,"side":"sell"},{"seq":355154362,"timeStamp":1557504035692,"amount":0.372,"price":6424.5,"side":"buy"},{"seq":355154364,"timeStamp":1557504040547,"amount":0.04268487,"price":6424.4,"side":"sell"},{"seq":355154365,"timeStamp":1557504040547,"amount":0.04268487,"price":6424.4,"side":"sell"},{"seq":355154366,"timeStamp":1557504040547,"amount":0.04268487,"price":6424.4,"side":"sell"},{"seq":355154371,"timeStamp":1557504040547,"amount":0.04268487,"price":6424.4,"side":"sell"},{"seq":355154367,"timeStamp":1557504040547,"amount":0.04268487,"price":6424.4,"side":"sell"},{"seq":355154368,"timeStamp":1557504040547,"amount":0.04268487,"price":6424.4,"side":"sell"},{"seq":355154370,"timeStamp":1557504040547,"amount":0.04268487,"price":6424.4,"side":"sell"},{"seq":355154369,"timeStamp":1557504040547,"amount":0.04268487,"price":6424.4,"side":"sell"},{"seq":355154373,"timeStamp":1557504040547,"amount":0.65652104,"price":6423.9,"side":"sell"},{"seq":355154372,"timeStamp":1557504040547,"amount":0.002,"price":6424.3,"side":"sell"},{"seq":355154377,"timeStamp":1557504041563,"amount":0.005,"price":6423.9,"side":"sell"},{"seq":355154380,"timeStamp":1557504042991,"amount":0.06,"price":6423.9,"side":"sell"},{"seq":355154284,"timeStamp":1557504005695,"amount":0.00499927,"price":6429.53919469,"side":"sell"},{"seq":355154381,"timeStamp":1557504043325,"amount":0.01,"price":6423.9,"side":"sell"},{"seq":355154409,"timeStamp":1557504050004,"amount":0.55981674,"price":6418.6,"side":"sell"},{"seq":355154416,"timeStamp":1557504050791,"amount":0.1,"price":6418,"side":"sell"},{"seq":355154418,"timeStamp":1557504051169,"amount":0.00189595,"price":6418,"side":"sell"},{"seq":355154420,"timeStamp":1557504052123,"amount":0.005,"price":6417.4,"side":"sell"},{"seq":355154421,"timeStamp":1557504052276,"amount":0.005,"price":6417.4,"side":"sell"},{"seq":355154422,"timeStamp":1557504052660,"amount":0.0040276,"price":6418.8577764,"side":"buy"},{"seq":355154424,"timeStamp":1557504052660,"amount":0.2959724,"price":6420,"side":"buy"},{"seq":355154426,"timeStamp":1557504053750,"amount":0.003,"price":6420.1,"side":"buy"},{"seq":355154425,"timeStamp":1557504053750,"amount":0.002,"price":6419.6,"side":"buy"},{"seq":355154428,"timeStamp":1557504054522,"amount":0.289,"price":6420.1,"side":"buy"},{"seq":355154429,"timeStamp":1557504054649,"amount":0.005,"price":6419.1,"side":"sell"},{"seq":355154430,"timeStamp":1557504055050,"amount":0.0946,"price":6419.4,"side":"sell"},{"seq":355154431,"timeStamp":1557504056102,"amount":1e-8,"price":6418,"side":"sell"},{"seq":355154437,"timeStamp":1557504062546,"amount":0.1,"price":6418.2,"side":"sell"},{"seq":355154458,"timeStamp":1557504064342,"amount":0.0039034,"price":6418.2,"side":"sell"},{"seq":355154460,"timeStamp":1557504066265,"amount":0.005,"price":6418.2,"side":"sell"},{"seq":355154463,"timeStamp":1557504069019,"amount":0.1,"price":6418.2,"side":"sell"},{"seq":355154469,"timeStamp":1557504071926,"amount":0.002,"price":6419.1,"side":"buy"},{"seq":355154470,"timeStamp":1557504071926,"amount":0.003,"price":6420.1,"side":"buy"},{"seq":355154475,"timeStamp":1557504077937,"amount":0.00654494,"price":6418.99257203,"side":"buy"},{"seq":355154477,"timeStamp":1557504077937,"amount":0.00110415,"price":6419.1,"side":"buy"},{"seq":355154479,"timeStamp":1557504079457,"amount":0.005,"price":6417.9,"side":"sell"},{"seq":355154483,"timeStamp":1557504083671,"amount":0.00130229,"price":6417.9,"side":"sell"},{"seq":355154485,"timeStamp":1557504086175,"amount":0.00162068,"price":6417.4,"side":"sell"},{"seq":355154486,"timeStamp":1557504087115,"amount":0.00201657,"price":6418.2,"side":"sell"},{"seq":355154487,"timeStamp":1557504088092,"amount":0.0009212,"price":6418.3,"side":"sell"},{"seq":355154488,"timeStamp":1557504089037,"amount":0.0024181,"price":6418.3,"side":"sell"},{"seq":355154490,"timeStamp":1557504090130,"amount":0.00111412,"price":6418.3,"side":"sell"},{"seq":355154493,"timeStamp":1557504091840,"amount":0.00379073,"price":6418.3,"side":"sell"},{"seq":355154494,"timeStamp":1557504092906,"amount":0.00185612,"price":6418.3,"side":"sell"},{"seq":355154495,"timeStamp":1557504093269,"amount":0.00390224,"price":6418.5429368,"side":"buy"},{"seq":355154497,"timeStamp":1557504093269,"amount":0.0052884,"price":6418.6,"side":"buy"},{"seq":355154498,"timeStamp":1557504094003,"amount":0.00216235,"price":6418.5,"side":"sell"},{"seq":355154499,"timeStamp":1557504095362,"amount":0.00081976,"price":6418.3,"side":"sell"},{"seq":355154504,"timeStamp":1557504096566,"amount":0.00338761,"price":6418.6,"side":"sell"},{"seq":355154507,"timeStamp":1557504098585,"amount":0.005,"price":6418.7,"side":"buy"},{"seq":355154508,"timeStamp":1557504100978,"amount":0.005,"price":6418.65534561,"side":"sell"},{"seq":355154511,"timeStamp":1557504106000,"amount":0.08855744,"price":6418.7,"side":"buy"},{"seq":355154512,"timeStamp":1557504106000,"amount":0.21644256,"price":6422.7,"side":"buy"},{"seq":355154513,"timeStamp":1557504107406,"amount":0.005,"price":6422.8,"side":"buy"},{"seq":355154514,"timeStamp":1557504107429,"amount":0.005,"price":6420.90352177,"side":"sell"},{"seq":355154516,"timeStamp":1557504108039,"amount":0.00447857,"price":6422.8,"side":"buy"},{"seq":355154517,"timeStamp":1557504108187,"amount":0.00447857,"price":6422.8,"side":"buy"},{"seq":355154518,"timeStamp":1557504108352,"amount":0.04268487,"price":6422.8,"side":"buy"},{"seq":355154519,"timeStamp":1557504108525,"amount":0.04268487,"price":6422.8,"side":"buy"},{"seq":355154520,"timeStamp":1557504108679,"amount":0.04268487,"price":6422.8,"side":"buy"},{"seq":355154521,"timeStamp":1557504108856,"amount":0.00447857,"price":6422.8,"side":"buy"},{"seq":355154522,"timeStamp":1557504109008,"amount":0.00447857,"price":6422.8,"side":"buy"},{"seq":355154524,"timeStamp":1557504109163,"amount":0.04268487,"price":6422.7,"side":"buy"},{"seq":355154525,"timeStamp":1557504109324,"amount":0.04268487,"price":6422.7,"side":"buy"},{"seq":355154526,"timeStamp":1557504109466,"amount":0.00447857,"price":6422.8,"side":"buy"},{"seq":355154527,"timeStamp":1557504109615,"amount":0.02,"price":6422.8,"side":"buy"},{"seq":355154528,"timeStamp":1557504109635,"amount":0.04268487,"price":6422.8,"side":"buy"},{"seq":355154529,"timeStamp":1557504109800,"amount":0.00447857,"price":6422.8,"side":"buy"},{"seq":355154530,"timeStamp":1557504109952,"amount":0.04268487,"price":6422.8,"side":"buy"},{"seq":355154531,"timeStamp":1557504110109,"amount":0.00447857,"price":6422.8,"side":"buy"},{"seq":355154535,"timeStamp":1557504110949,"amount":0.00211538,"price":6421.9,"side":"sell"},{"seq":355154537,"timeStamp":1557504110953,"amount":0.205,"price":6422.8,"side":"buy"},{"seq":355154545,"timeStamp":1557504113240,"amount":0.6,"price":6421.9,"side":"sell"},{"seq":355154564,"timeStamp":1557504127120,"amount":0.005,"price":6423.4,"side":"buy"},{"seq":355154565,"timeStamp":1557504127565,"amount":0.0437009,"price":6423.4,"side":"buy"},{"seq":355154566,"timeStamp":1557504127847,"amount":0.005,"price":6423.4,"side":"buy"},{"seq":355154567,"timeStamp":1557504128584,"amount":0.005,"price":6423.4,"side":"buy"},{"seq":355154571,"timeStamp":1557504129415,"amount":0.005,"price":6423.4,"side":"buy"},{"seq":355154578,"timeStamp":1557504137228,"amount":0.005,"price":6423.38051923,"side":"sell"},{"seq":355154580,"timeStamp":1557504139960,"amount":0.0001,"price":6423.4,"side":"buy"},{"seq":355154581,"timeStamp":1557504141878,"amount":0.009,"price":6423.4,"side":"buy"},{"seq":355154586,"timeStamp":1557504146177,"amount":0.0112951,"price":6423.38051923,"side":"sell"},{"seq":355154588,"timeStamp":1557504146177,"amount":0.115904,"price":6423.38051923,"side":"sell"},{"seq":355154590,"timeStamp":1557504146839,"amount":0.01,"price":6423.4002801,"side":"sell"},{"seq":355154598,"timeStamp":1557504151452,"amount":0.00777462,"price":6423.48892435,"side":"buy"},{"seq":355154600,"timeStamp":1557504151474,"amount":0.005,"price":6425,"side":"sell"},{"seq":355154601,"timeStamp":1557504151717,"amount":0.17625662,"price":6425.98762229,"side":"sell"},{"seq":355154603,"timeStamp":1557504151852,"amount":0.015,"price":6426,"side":"buy"},{"seq":355154621,"timeStamp":1557504162498,"amount":0.0038977,"price":6426.07432694,"side":"buy"},{"seq":355154620,"timeStamp":1557504162498,"amount":0.485,"price":6426,"side":"buy"},{"seq":355154627,"timeStamp":1557504164295,"amount":0.005,"price":6427.9638451,"side":"buy"},{"seq":355154629,"timeStamp":1557504164715,"amount":0.034994,"price":6427.9638451,"side":"buy"},{"seq":355154633,"timeStamp":1557504164715,"amount":0.00231148,"price":6428.2,"side":"buy"},{"seq":355154631,"timeStamp":1557504164715,"amount":0.00499927,"price":6427.9638451,"side":"buy"},{"seq":355154634,"timeStamp":1557504164715,"amount":0.00269525,"price":6432,"side":"buy"},{"seq":355154637,"timeStamp":1557504165420,"amount":0.00750825,"price":6435.8,"side":"buy"},{"seq":355154636,"timeStamp":1557504165420,"amount":0.04249175,"price":6432,"side":"buy"},{"seq":355154638,"timeStamp":1557504165679,"amount":0.77,"price":6436,"side":"buy"},{"seq":355154639,"timeStamp":1557504165755,"amount":0.77,"price":6436,"side":"buy"},{"seq":355154641,"timeStamp":1557504165841,"amount":0.11561037,"price":6436,"side":"buy"},{"seq":355154640,"timeStamp":1557504165836,"amount":0.08536974,"price":6436,"side":"buy"},{"seq":355154642,"timeStamp":1557504165901,"amount":0.77,"price":6436,"side":"buy"},{"seq":355154643,"timeStamp":1557504165920,"amount":0.08765184,"price":6436,"side":"buy"},{"seq":355154644,"timeStamp":1557504166092,"amount":0.77,"price":6436,"side":"buy"},{"seq":355154645,"timeStamp":1557504166094,"amount":0.77,"price":6436,"side":"buy"},{"seq":355154646,"timeStamp":1557504166189,"amount":0.77,"price":6436,"side":"buy"},{"seq":355154647,"timeStamp":1557504166273,"amount":0.77,"price":6436,"side":"buy"},{"seq":355154648,"timeStamp":1557504166341,"amount":0.77,"price":6436,"side":"buy"},{"seq":355154649,"timeStamp":1557504166481,"amount":0.025,"price":6436,"side":"buy"},{"seq":355154650,"timeStamp":1557504166945,"amount":0.15,"price":6436,"side":"buy"},{"seq":355154656,"timeStamp":1557504167139,"amount":0.02,"price":6436,"side":"buy"},{"seq":355154657,"timeStamp":1557504167216,"amount":0.02,"price":6436,"side":"buy"},{"seq":355154658,"timeStamp":1557504167906,"amount":0.005,"price":6435.3,"side":"sell"},{"seq":355154664,"timeStamp":1557504168815,"amount":0.01,"price":6436,"side":"buy"},{"seq":355154667,"timeStamp":1557504169850,"amount":0.23,"price":6436,"side":"buy"},{"seq":355154668,"timeStamp":1557504169926,"amount":0.03,"price":6436,"side":"buy"},{"seq":355154669,"timeStamp":1557504170065,"amount":0.35,"price":6436,"side":"buy"},{"seq":355154674,"timeStamp":1557504171215,"amount":0.3,"price":6436,"side":"buy"},{"seq":355154676,"timeStamp":1557504171316,"amount":0.01,"price":6436,"side":"buy"},{"seq":355154677,"timeStamp":1557504171419,"amount":0.03,"price":6436,"side":"buy"},{"seq":355154678,"timeStamp":1557504171498,"amount":0.06,"price":6436,"side":"buy"},{"seq":355154681,"timeStamp":1557504172997,"amount":0.00300206,"price":6435.4,"side":"sell"},{"seq":355154683,"timeStamp":1557504173479,"amount":0.09,"price":6436,"side":"buy"},{"seq":355154684,"timeStamp":1557504173552,"amount":0.31,"price":6436,"side":"buy"},{"seq":355154685,"timeStamp":1557504173627,"amount":0.24,"price":6436,"side":"buy"},{"seq":355154687,"timeStamp":1557504173975,"amount":0.38,"price":6436,"side":"buy"},{"seq":355154688,"timeStamp":1557504174049,"amount":0.01,"price":6436,"side":"buy"},{"seq":355154692,"timeStamp":1557504174561,"amount":0.03,"price":6436,"side":"buy"},{"seq":355154693,"timeStamp":1557504174658,"amount":0.01,"price":6436,"side":"buy"},{"seq":355154696,"timeStamp":1557504174940,"amount":0.06,"price":6436,"side":"buy"},{"seq":355154698,"timeStamp":1557504175068,"amount":0.02,"price":6436,"side":"buy"},{"seq":355154699,"timeStamp":1557504175750,"amount":0.00126039,"price":6435.4,"side":"sell"},{"seq":355154702,"timeStamp":1557504176164,"amount":0.01,"price":6436,"side":"buy"},{"seq":355154705,"timeStamp":1557504176695,"amount":0.00135146,"price":6435.7,"side":"sell"},{"seq":355154718,"timeStamp":1557504177688,"amount":0.00199311,"price":6435.7,"side":"sell"},{"seq":355154721,"timeStamp":1557504178762,"amount":0.00231174,"price":6435.7,"side":"sell"},{"seq":355154723,"timeStamp":1557504179648,"amount":0.0273,"price":6435.7,"side":"sell"},{"seq":355154725,"timeStamp":1557504180017,"amount":0.00301986,"price":6435.7,"side":"sell"},{"seq":355154728,"timeStamp":1557504180485,"amount":0.1,"price":6435.7,"side":"sell"},{"seq":355154730,"timeStamp":1557504180950,"amount":0.00179437,"price":6435.7,"side":"sell"},{"seq":355154731,"timeStamp":1557504181225,"amount":0.005,"price":6436,"side":"buy"},{"seq":355154732,"timeStamp":1557504181989,"amount":0.05296704,"price":6436,"side":"buy"},{"seq":355154734,"timeStamp":1557504182437,"amount":0.65309855,"price":6436,"side":"buy"},{"seq":355154736,"timeStamp":1557504182826,"amount":0.55797441,"price":6436,"side":"buy"},{"seq":355154737,"timeStamp":1557504182912,"amount":0.62091764,"price":6436,"side":"buy"},{"seq":355154738,"timeStamp":1557504183048,"amount":0.47503251,"price":6436,"side":"buy"},{"seq":355154739,"timeStamp":1557504183345,"amount":0.01929979,"price":6436,"side":"buy"},{"seq":355154740,"timeStamp":1557504183493,"amount":0.04677269,"price":6436,"side":"buy"},{"seq":355154742,"timeStamp":1557504184646,"amount":0.84,"price":6436,"side":"buy"},{"seq":355154743,"timeStamp":1557504184669,"amount":0.04,"price":6436,"side":"buy"},{"seq":355154756,"timeStamp":1557504186247,"amount":0.003,"price":6436,"side":"buy"},{"seq":355154759,"timeStamp":1557504187298,"amount":0.005,"price":6436,"side":"buy"},{"seq":355154765,"timeStamp":1557504188296,"amount":0.6823,"price":6436,"side":"buy"},{"seq":355154774,"timeStamp":1557504190448,"amount":0.005,"price":6436,"side":"buy"},{"seq":355154777,"timeStamp":1557504192749,"amount":21.58918954,"price":6436,"side":"buy"},{"seq":355154786,"timeStamp":1557504196498,"amount":0.30558192,"price":6435.5,"side":"buy"},{"seq":355154785,"timeStamp":1557504196498,"amount":0.69441808,"price":6435.5,"side":"buy"},{"seq":355154851,"timeStamp":1557504226807,"amount":0.025,"price":6435.4,"side":"sell"},{"seq":355154853,"timeStamp":1557504229427,"amount":0.13569389,"price":6435.4,"side":"sell"},{"seq":355154882,"timeStamp":1557504242784,"amount":0.013,"price":6435.4,"side":"sell"},{"seq":355154883,"timeStamp":1557504244415,"amount":0.62,"price":6435.5,"side":"buy"},{"seq":355154884,"timeStamp":1557504244415,"amount":0.295,"price":6435.5,"side":"buy"},{"seq":355154885,"timeStamp":1557504244415,"amount":0.00829083,"price":6435.51666681,"side":"buy"},{"seq":355154887,"timeStamp":1557504244415,"amount":0.07670917,"price":6437.9,"side":"buy"},{"seq":355154889,"timeStamp":1557504247108,"amount":0.17,"price":6435.5,"side":"buy"},{"seq":355154890,"timeStamp":1557504247108,"amount":0.00648659,"price":6435.51666681,"side":"buy"},{"seq":355154892,"timeStamp":1557504247108,"amount":0.32351341,"price":6437.9,"side":"buy"},{"seq":355154915,"timeStamp":1557504254353,"amount":0.01699905,"price":6437.5,"side":"buy"},{"seq":355154930,"timeStamp":1557504266682,"amount":0.00444923,"price":6437.5,"side":"sell"},{"seq":355154933,"timeStamp":1557504267135,"amount":0.00737398,"price":6437.54002535,"side":"buy"},{"seq":355154935,"timeStamp":1557504267135,"amount":0.04762602,"price":6438,"side":"buy"},{"seq":355154937,"timeStamp":1557504268921,"amount":0.0022348,"price":6437.9,"side":"sell"},{"seq":355154938,"timeStamp":1557504269899,"amount":0.00336636,"price":6437.9,"side":"sell"},{"seq":355154945,"timeStamp":1557504271134,"amount":0.00184467,"price":6437.9,"side":"sell"},{"seq":355154946,"timeStamp":1557504271831,"amount":0.005,"price":6438,"side":"buy"},{"seq":355154951,"timeStamp":1557504278597,"amount":0.055,"price":6437.9,"side":"sell"},{"seq":355154966,"timeStamp":1557504285193,"amount":0.00389046,"price":6437.98966058,"side":"buy"},{"seq":355154970,"timeStamp":1557504285193,"amount":0.11399542,"price":6438,"side":"buy"},{"seq":355154968,"timeStamp":1557504285193,"amount":0.44737398,"price":6438,"side":"buy"},{"seq":355154969,"timeStamp":1557504285193,"amount":0.007,"price":6438,"side":"buy"},{"seq":355154971,"timeStamp":1557504285710,"amount":0.01,"price":6438,"side":"sell"},{"seq":355154973,"timeStamp":1557504286287,"amount":0.15848725,"price":6438.1,"side":"buy"},{"seq":355154974,"timeStamp":1557504286287,"amount":0.08762314,"price":6438.2,"side":"buy"},{"seq":355154975,"timeStamp":1557504287528,"amount":0.015,"price":6438.1,"side":"sell"},{"seq":355154977,"timeStamp":1557504292104,"amount":0.015,"price":6438.1,"side":"sell"},{"seq":355154981,"timeStamp":1557504294254,"amount":0.055,"price":6438.1,"side":"sell"},{"seq":355154984,"timeStamp":1557504299084,"amount":0.205,"price":6438.1,"side":"sell"},{"seq":355154985,"timeStamp":1557504300661,"amount":0.03,"price":6438.2,"side":"buy"},{"seq":355154989,"timeStamp":1557504302791,"amount":0.0129,"price":6438.1,"side":"sell"},{"seq":355154999,"timeStamp":1557504313689,"amount":0.005,"price":6438.1,"side":"sell"},{"seq":355155000,"timeStamp":1557504314444,"amount":0.005,"price":6438.2,"side":"buy"},{"seq":355155004,"timeStamp":1557504316748,"amount":0.013,"price":6438.1,"side":"sell"},{"seq":355155014,"timeStamp":1557504326968,"amount":0.43086752,"price":6438.2,"side":"buy"},{"seq":355155016,"timeStamp":1557504326968,"amount":0.00913248,"price":6438.3,"side":"buy"},{"seq":355155015,"timeStamp":1557504326968,"amount":0.06,"price":6438.2,"side":"buy"},{"seq":355155020,"timeStamp":1557504329331,"amount":0.015,"price":6438.2,"side":"buy"},{"seq":355155022,"timeStamp":1557504338151,"amount":0.005,"price":6438.2,"side":"buy"},{"seq":355155026,"timeStamp":1557504341018,"amount":0.0225,"price":6438.2,"side":"buy"},{"seq":355155033,"timeStamp":1557504355363,"amount":0.00383466,"price":6438.1,"side":"sell"},{"seq":355155035,"timeStamp":1557504357598,"amount":0.00476134,"price":6438.1,"side":"sell"},{"seq":355155036,"timeStamp":1557504358538,"amount":0.00220989,"price":6438.1,"side":"sell"},{"seq":355155037,"timeStamp":1557504359208,"amount":0.00984076,"price":6438.1,"side":"sell"},{"seq":355155038,"timeStamp":1557504360283,"amount":0.005,"price":6438.1,"side":"sell"},{"seq":355155041,"timeStamp":1557504361673,"amount":0.005,"price":6438.1,"side":"sell"},{"seq":355155053,"timeStamp":1557504372475,"amount":0.01630385,"price":6438.11065152,"side":"buy"},{"seq":355155056,"timeStamp":1557504372475,"amount":0.04535154,"price":6438.2,"side":"buy"},{"seq":355155058,"timeStamp":1557504378100,"amount":0.1,"price":6438.1,"side":"sell"},{"seq":355155061,"timeStamp":1557504382228,"amount":0.055,"price":6438.1,"side":"sell"},{"seq":355155062,"timeStamp":1557504384253,"amount":0.005,"price":6438.1,"side":"sell"},{"seq":355155065,"timeStamp":1557504387692,"amount":0.004,"price":6438.10206939,"side":"buy"},{"seq":355155071,"timeStamp":1557504389324,"amount":0.0233822,"price":6438.2,"side":"buy"},{"seq":355155067,"timeStamp":1557504389324,"amount":0.46841198,"price":6438.10206939,"side":"buy"},{"seq":355155069,"timeStamp":1557504389324,"amount":0.00820582,"price":6438.10206939,"side":"buy"},{"seq":355155073,"timeStamp":1557504390896,"amount":0.03,"price":6438.2,"side":"buy"},{"seq":355155085,"timeStamp":1557504399730,"amount":0.03,"price":6438.1,"side":"sell"},{"seq":355155087,"timeStamp":1557504403957,"amount":0.17120133,"price":6438.11065152,"side":"buy"},{"seq":355155108,"timeStamp":1557504414160,"amount":0.025,"price":6438.11065152,"side":"buy"},{"seq":355155114,"timeStamp":1557504416019,"amount":0.1,"price":6438.1,"side":"sell"},{"seq":355155115,"timeStamp":1557504416911,"amount":0.06619349,"price":6438.1,"side":"sell"},{"seq":355155116,"timeStamp":1557504416911,"amount":0.03380651,"price":6438.1,"side":"sell"},{"seq":355155125,"timeStamp":1557504422092,"amount":0.33180651,"price":6438.1,"side":"sell"},{"seq":355155124,"timeStamp":1557504422092,"amount":0.04319349,"price":6438.1,"side":"sell"},{"seq":355155127,"timeStamp":1557504423190,"amount":0.03057459,"price":6438.2,"side":"buy"},{"seq":355155128,"timeStamp":1557504424226,"amount":0.01819167,"price":6438.2,"side":"buy"},{"seq":355155129,"timeStamp":1557504424226,"amount":0.03180833,"price":6438.2,"side":"buy"},{"seq":355155130,"timeStamp":1557504425430,"amount":0.05,"price":6438.1,"side":"sell"},{"seq":355155131,"timeStamp":1557504425491,"amount":0.025,"price":6438.1,"side":"sell"},{"seq":355155132,"timeStamp":1557504427558,"amount":0.0037439,"price":6438.2,"side":"buy"},{"seq":355155137,"timeStamp":1557504443264,"amount":0.01,"price":6438.11065152,"side":"buy"},{"seq":355155140,"timeStamp":1557504446653,"amount":0.00136505,"price":6438.1,"side":"sell"},{"seq":355155142,"timeStamp":1557504448598,"amount":0.00389225,"price":6438.1,"side":"sell"},{"seq":355155144,"timeStamp":1557504449608,"amount":0.00131603,"price":6438.1,"side":"sell"},{"seq":355155145,"timeStamp":1557504450668,"amount":0.00199865,"price":6438.1,"side":"sell"},{"seq":355155146,"timeStamp":1557504450764,"amount":1.76677939,"price":6438.1,"side":"sell"},{"seq":355155147,"timeStamp":1557504450764,"amount":0.44,"price":6438.1,"side":"sell"},{"seq":355155149,"timeStamp":1557504450764,"amount":0.002,"price":6438,"side":"sell"},{"seq":355155148,"timeStamp":1557504450764,"amount":0.01,"price":6438.1,"side":"sell"},{"seq":355155150,"timeStamp":1557504450764,"amount":0.28152963,"price":6437.1,"side":"sell"},{"seq":355155151,"timeStamp":1557504450764,"amount":1,"price":6435.1,"side":"sell"},{"seq":355155153,"timeStamp":1557504450764,"amount":0.71038418,"price":6435,"side":"sell"},{"seq":355155154,"timeStamp":1557504450764,"amount":0.05449773,"price":6434.72980515,"side":"sell"},{"seq":355155152,"timeStamp":1557504450764,"amount":0.375,"price":6435,"side":"sell"},{"seq":355155163,"timeStamp":1557504450764,"amount":0.7503125,"price":6431.9,"side":"sell"},{"seq":355155156,"timeStamp":1557504450764,"amount":0.83379688,"price":6434.7,"side":"sell"},{"seq":355155161,"timeStamp":1557504450764,"amount":0.2,"price":6431.91958495,"side":"sell"},{"seq":355155157,"timeStamp":1557504450764,"amount":0.27715771,"price":6433,"side":"sell"},{"seq":355155158,"timeStamp":1557504450764,"amount":0.50034559,"price":6433,"side":"sell"},{"seq":355155159,"timeStamp":1557504450764,"amount":0.18203742,"price":6431.98395933,"side":"sell"},{"seq":355155171,"timeStamp":1557504450764,"amount":0.02329766,"price":6429.2,"side":"sell"},{"seq":355155170,"timeStamp":1557504450764,"amount":0.11686827,"price":6429.5,"side":"sell"},{"seq":355155165,"timeStamp":1557504450764,"amount":0.51460277,"price":6431.6,"side":"sell"},{"seq":355155164,"timeStamp":1557504450764,"amount":0.01,"price":6431.8,"side":"sell"},{"seq":355155174,"timeStamp":1557504450764,"amount":0.53009933,"price":6428.9,"side":"sell"},{"seq":355155168,"timeStamp":1557504450764,"amount":0.0432,"price":6430.00863522,"side":"sell"},{"seq":355155176,"timeStamp":1557504450764,"amount":0.23101136,"price":6428.5,"side":"sell"},{"seq":355155173,"timeStamp":1557504450764,"amount":0.63504339,"price":6429,"side":"sell"},{"seq":355155166,"timeStamp":1557504450764,"amount":0.3,"price":6430.2,"side":"sell"},{"seq":355155172,"timeStamp":1557504450764,"amount":0.0343,"price":6429.2,"side":"sell"},{"seq":355155167,"timeStamp":1557504450764,"amount":0.43152924,"price":6430.1,"side":"sell"},{"seq":355155175,"timeStamp":1557504450764,"amount":0.04659275,"price":6428.6,"side":"sell"},{"seq":355155178,"timeStamp":1557504450764,"amount":0.0275,"price":6428.09768548,"side":"sell"},{"seq":355155177,"timeStamp":1557504450764,"amount":0.59613954,"price":6428.1,"side":"sell"},{"seq":355155180,"timeStamp":1557504450764,"amount":9.07597466,"price":6428,"side":"sell"},{"seq":355155181,"timeStamp":1557504450764,"amount":0.65309399,"price":6428,"side":"sell"},{"seq":355155186,"timeStamp":1557504451495,"amount":0.025,"price":6430.6,"side":"sell"},{"seq":355155187,"timeStamp":1557504451628,"amount":0.00121398,"price":6430.6,"side":"sell"},{"seq":355155188,"timeStamp":1557504451974,"amount":0.03,"price":6428.9,"side":"sell"},{"seq":355155189,"timeStamp":1557504452417,"amount":0.0499,"price":6431.7,"side":"buy"},{"seq":355155190,"timeStamp":1557504452586,"amount":0.01,"price":6429.10936475,"side":"sell"},{"seq":355155194,"timeStamp":1557504455533,"amount":0.0489,"price":6429.3,"side":"buy"},{"seq":355155213,"timeStamp":1557504461357,"amount":0.002,"price":6428.8,"side":"sell"},{"seq":355155214,"timeStamp":1557504461357,"amount":0.008,"price":6428.1,"side":"sell"},{"seq":355155215,"timeStamp":1557504463272,"amount":0.32480025,"price":6428.3,"side":"buy"},{"seq":355155216,"timeStamp":1557504463635,"amount":0.045,"price":6428.21009429,"side":"sell"},{"seq":355155223,"timeStamp":1557504466574,"amount":0.02,"price":6428.8,"side":"buy"},{"seq":355155226,"timeStamp":1557504466574,"amount":0.01072714,"price":6428.88454714,"side":"buy"},{"seq":355155228,"timeStamp":1557504466574,"amount":0.04848136,"price":6430.6,"side":"buy"},{"seq":355155232,"timeStamp":1557504466790,"amount":0.01,"price":6428.7,"side":"buy"},{"seq":355155233,"timeStamp":1557504466790,"amount":0.00911203,"price":6430.7,"side":"buy"},{"seq":355155237,"timeStamp":1557504467064,"amount":0.01251542,"price":6430,"side":"buy"},{"seq":355155242,"timeStamp":1557504468070,"amount":0.6849,"price":6428.8,"side":"sell"},{"seq":355155246,"timeStamp":1557504469535,"amount":0.32267481,"price":6426.5,"side":"sell"},{"seq":355155247,"timeStamp":1557504469535,"amount":0.17732519,"price":6425.9,"side":"sell"},{"seq":355155248,"timeStamp":1557504470830,"amount":0.00521706,"price":6427.8,"side":"buy"},{"seq":355155251,"timeStamp":1557504472419,"amount":0.005,"price":6425.9,"side":"sell"},{"seq":355155252,"timeStamp":1557504472701,"amount":0.025,"price":6425.9,"side":"sell"},{"seq":355155264,"timeStamp":1557504479020,"amount":0.05744403,"price":6427,"side":"buy"},{"seq":355155262,"timeStamp":1557504479020,"amount":0.0054002,"price":6426.86118859,"side":"buy"},{"seq":355155266,"timeStamp":1557504479380,"amount":0.09265597,"price":6427.6,"side":"buy"},{"seq":355155265,"timeStamp":1557504479380,"amount":0.002,"price":6427.1,"side":"buy"},{"seq":355155267,"timeStamp":1557504479380,"amount":0.90534403,"price":6428.1,"side":"buy"},{"seq":355155269,"timeStamp":1557504480619,"amount":0.005,"price":6426.5,"side":"sell"},{"seq":355155273,"timeStamp":1557504484721,"amount":0.29321026,"price":6426.3,"side":"sell"},{"seq":355155274,"timeStamp":1557504484721,"amount":0.14478974,"price":6425.9,"side":"sell"},{"seq":355155272,"timeStamp":1557504484721,"amount":0.002,"price":6426.3,"side":"sell"},{"seq":355155275,"timeStamp":1557504484904,"amount":0.00389746,"price":6426.74877978,"side":"buy"},{"seq":355155277,"timeStamp":1557504484904,"amount":0.01610254,"price":6427.7,"side":"buy"},{"seq":355155279,"timeStamp":1557504485536,"amount":0.005,"price":6425.9,"side":"sell"},{"seq":355155281,"timeStamp":1557504488232,"amount":0.00818334,"price":6425.9,"side":"sell"},{"seq":355155282,"timeStamp":1557504488526,"amount":0.9021,"price":6426.2,"side":"buy"},{"seq":355155283,"timeStamp":1557504488526,"amount":0.0979,"price":6426.9,"side":"buy"},{"seq":355155291,"timeStamp":1557504493801,"amount":0.005,"price":6426.18673574,"side":"buy"},{"seq":355155300,"timeStamp":1557504498322,"amount":0.00373641,"price":6426.0471478,"side":"sell"},{"seq":355155302,"timeStamp":1557504499161,"amount":0.025,"price":6426.0471478,"side":"sell"},{"seq":355155307,"timeStamp":1557504504648,"amount":0.00915138,"price":6426.0471478,"side":"sell"},{"seq":355155309,"timeStamp":1557504504982,"amount":0.1,"price":6426.0471478,"side":"sell"},{"seq":355155320,"timeStamp":1557504508586,"amount":0.00475437,"price":6426.07432694,"side":"buy"},{"seq":355155322,"timeStamp":1557504508782,"amount":0.005,"price":6427.7,"side":"buy"},{"seq":355155325,"timeStamp":1557504509408,"amount":0.17490219,"price":6427.6,"side":"sell"},{"seq":355155326,"timeStamp":1557504510012,"amount":0.2448,"price":6426.4,"side":"buy"},{"seq":355155327,"timeStamp":1557504510012,"amount":0.71760688,"price":6426.6,"side":"buy"},{"seq":355155328,"timeStamp":1557504510012,"amount":0.03759312,"price":6427,"side":"buy"},{"seq":355155346,"timeStamp":1557504515964,"amount":0.04308996,"price":6428.6,"side":"buy"},{"seq":355155347,"timeStamp":1557504515964,"amount":0.53842534,"price":6428.9,"side":"buy"},{"seq":355155348,"timeStamp":1557504515964,"amount":0.4184847,"price":6429.8,"side":"buy"},{"seq":355155349,"timeStamp":1557504517435,"amount":0.002,"price":6427.1,"side":"buy"},{"seq":355155350,"timeStamp":1557504517435,"amount":0.00172742,"price":6430.8,"side":"buy"},{"seq":355155351,"timeStamp":1557504517934,"amount":0.05,"price":6426.29914455,"side":"sell"},{"seq":355155355,"timeStamp":1557504521322,"amount":0.105,"price":6429.10936475,"side":"buy"},{"seq":355155354,"timeStamp":1557504521322,"amount":0.02323671,"price":6428.4,"side":"buy"},{"seq":355155358,"timeStamp":1557504521322,"amount":0.09545079,"price":6429.3,"side":"buy"},{"seq":355155357,"timeStamp":1557504521322,"amount":0.7763125,"price":6429.2,"side":"buy"},{"seq":355155361,"timeStamp":1557504521760,"amount":0.02227823,"price":6429.4,"side":"buy"},{"seq":355155363,"timeStamp":1557504521760,"amount":0.02322735,"price":6429.8,"side":"buy"},{"seq":355155368,"timeStamp":1557504525735,"amount":0.71482164,"price":6426.9,"side":"sell"},{"seq":355155369,"timeStamp":1557504525735,"amount":0.002,"price":6426.8,"side":"sell"},{"seq":355155370,"timeStamp":1557504525735,"amount":0.2,"price":6426.4,"side":"sell"},{"seq":355155373,"timeStamp":1557504525735,"amount":0.15847663,"price":6424.72542124,"side":"sell"},{"seq":355155372,"timeStamp":1557504525735,"amount":1,"price":6424.8,"side":"sell"},{"seq":355155371,"timeStamp":1557504525735,"amount":0.92470173,"price":6425.9,"side":"sell"},{"seq":355155375,"timeStamp":1557504526674,"amount":0.00371997,"price":6425.17505647,"side":"sell"},{"seq":355155377,"timeStamp":1557504531712,"amount":0.002,"price":6425.1,"side":"sell"},{"seq":355155378,"timeStamp":1557504531712,"amount":0.00140779,"price":6424.27578601,"side":"sell"},{"seq":355155380,"timeStamp":1557504532160,"amount":0.66,"price":6424.7,"side":"sell"},{"seq":355155384,"timeStamp":1557504534415,"amount":0.00203016,"price":6425,"side":"sell"},{"seq":355155387,"timeStamp":1557504539235,"amount":0.31393535,"price":6429.44659118,"side":"sell"},{"seq":355155389,"timeStamp":1557504539235,"amount":0.18487224,"price":6429.44659118,"side":"sell"},{"seq":355155391,"timeStamp":1557504539235,"amount":0.06177116,"price":6429.4241859,"side":"sell"},{"seq":355155397,"timeStamp":1557504542579,"amount":0.005,"price":6429.4,"side":"sell"},{"seq":355155404,"timeStamp":1557504543859,"amount":0.07020104,"price":6429.5,"side":"buy"},{"seq":355155405,"timeStamp":1557504544320,"amount":0.01141842,"price":6429.5,"side":"buy"},{"seq":355155408,"timeStamp":1557504544797,"amount":0.01419554,"price":6429.5,"side":"buy"},{"seq":355155409,"timeStamp":1557504544797,"amount":0.03799539,"price":6429.5,"side":"buy"},{"seq":355155411,"timeStamp":1557504544797,"amount":0.01380204,"price":6433.7,"side":"buy"},{"seq":355155410,"timeStamp":1557504544797,"amount":0.002,"price":6429.5,"side":"buy"},{"seq":355155412,"timeStamp":1557504544797,"amount":0.28332201,"price":6434.5,"side":"buy"},{"seq":355155415,"timeStamp":1557504546126,"amount":0.08240446,"price":6434.5,"side":"buy"},{"seq":355155416,"timeStamp":1557504546603,"amount":0.002,"price":6433,"side":"sell"},{"seq":355155417,"timeStamp":1557504546698,"amount":0.01257321,"price":6434.6,"side":"buy"},{"seq":355155418,"timeStamp":1557504546698,"amount":0.01278848,"price":6434.9,"side":"buy"},{"seq":355155421,"timeStamp":1557504548901,"amount":0.002,"price":6434.5,"side":"sell"},{"seq":355155435,"timeStamp":1557504558804,"amount":0.002,"price":6434.2,"side":"buy"},{"seq":355155437,"timeStamp":1557504559879,"amount":0.0531,"price":6433.3,"side":"buy"},{"seq":355155438,"timeStamp":1557504559879,"amount":0.1469,"price":6433.3,"side":"buy"},{"seq":355155446,"timeStamp":1557504563728,"amount":0.005,"price":6431.3,"side":"sell"},{"seq":355155447,"timeStamp":1557504564725,"amount":0.005,"price":6434.0553523,"side":"buy"},{"seq":355155456,"timeStamp":1557504571614,"amount":0.01570428,"price":6434.9,"side":"buy"},{"seq":355155452,"timeStamp":1557504571614,"amount":0.00181211,"price":6434.0553523,"side":"buy"},{"seq":355155454,"timeStamp":1557504571614,"amount":0.00248361,"price":6434.0553523,"side":"buy"},{"seq":355155459,"timeStamp":1557504574729,"amount":0.005,"price":6434.9,"side":"buy"},{"seq":355155460,"timeStamp":1557504575951,"amount":0.005,"price":6434.9,"side":"buy"},{"seq":355155464,"timeStamp":1557504578510,"amount":0.005,"price":6434.9,"side":"buy"},{"seq":355155467,"timeStamp":1557504580685,"amount":0.1,"price":6434.8,"side":"sell"},{"seq":355155472,"timeStamp":1557504586685,"amount":0.07,"price":6434.9,"side":"buy"},{"seq":355155471,"timeStamp":1557504586685,"amount":0.00650724,"price":6434.9,"side":"buy"},{"seq":355155473,"timeStamp":1557504586685,"amount":0.00389229,"price":6434.95462277,"side":"buy"},{"seq":355155476,"timeStamp":1557504586685,"amount":0.01611514,"price":6436,"side":"buy"},{"seq":355155477,"timeStamp":1557504586685,"amount":0.60148533,"price":6437.5,"side":"buy"},{"seq":355155475,"timeStamp":1557504586685,"amount":0.002,"price":6435,"side":"buy"},{"seq":355155490,"timeStamp":1557504592959,"amount":0.03,"price":6434.9,"side":"buy"},{"seq":355155491,"timeStamp":1557504592959,"amount":0.00555223,"price":6437.2,"side":"buy"},{"seq":355155495,"timeStamp":1557504594993,"amount":0.09348553,"price":6437,"side":"sell"},{"seq":355155503,"timeStamp":1557504595010,"amount":0.02047301,"price":6436.9,"side":"sell"},{"seq":355155497,"timeStamp":1557504595000,"amount":0.00651447,"price":6437,"side":"sell"},{"seq":355155501,"timeStamp":1557504595000,"amount":0.00840623,"price":6436.9,"side":"sell"},{"seq":355155499,"timeStamp":1557504595000,"amount":0.00555223,"price":6436.9,"side":"sell"},{"seq":355155516,"timeStamp":1557504599735,"amount":0.95,"price":6437.5,"side":"buy"},{"seq":355155519,"timeStamp":1557504604755,"amount":0.005,"price":6437.5,"side":"buy"},{"seq":355155529,"timeStamp":1557504606588,"amount":0.01383619,"price":6437.5,"side":"buy"},{"seq":355155530,"timeStamp":1557504606593,"amount":0.00921271,"price":6437.5,"side":"buy"},{"seq":355155532,"timeStamp":1557504607375,"amount":0.09840842,"price":6437.5,"side":"buy"},{"seq":355155534,"timeStamp":1557504607745,"amount":0.00761196,"price":6437.5,"side":"buy"},{"seq":355155535,"timeStamp":1557504609131,"amount":0.08533892,"price":6437.5,"side":"buy"},{"seq":355155536,"timeStamp":1557504609790,"amount":0.00830971,"price":6437.5,"side":"buy"},{"seq":355155540,"timeStamp":1557504611319,"amount":0.24,"price":6437.4,"side":"sell"},{"seq":355155541,"timeStamp":1557504611319,"amount":0.76,"price":6436.8,"side":"sell"},{"seq":355155544,"timeStamp":1557504611860,"amount":0.004,"price":6437.5,"side":"buy"},{"seq":355155543,"timeStamp":1557504611860,"amount":0.22079676,"price":6437.5,"side":"buy"},{"seq":355155546,"timeStamp":1557504611860,"amount":0.02,"price":6438.2,"side":"buy"},{"seq":355155545,"timeStamp":1557504611860,"amount":0.04900533,"price":6438,"side":"buy"},{"seq":355155547,"timeStamp":1557504611860,"amount":0.70619791,"price":6438.2,"side":"buy"},{"seq":355155550,"timeStamp":1557504613120,"amount":0.01,"price":6438.2,"side":"buy"},{"seq":355155551,"timeStamp":1557504613163,"amount":0.0536077,"price":6438.2,"side":"buy"},{"seq":355155561,"timeStamp":1557504625159,"amount":0.00661076,"price":6438.10206939,"side":"buy"},{"seq":355155564,"timeStamp":1557504625159,"amount":0.00338924,"price":6438.2,"side":"buy"},{"seq":355155565,"timeStamp":1557504625190,"amount":0.00222551,"price":6438.1,"side":"sell"},{"seq":355155569,"timeStamp":1557504627326,"amount":0.00356395,"price":6438.1,"side":"sell"},{"seq":355155571,"timeStamp":1557504629500,"amount":0.03,"price":6438.2,"side":"buy"},{"seq":355155583,"timeStamp":1557504633685,"amount":1,"price":6438.2,"side":"buy"},{"seq":355155594,"timeStamp":1557504638186,"amount":0.01,"price":6438.2,"side":"buy"},{"seq":355155606,"timeStamp":1557504647517,"amount":1,"price":6438.2,"side":"buy"},{"seq":355155607,"timeStamp":1557504648133,"amount":0.98910515,"price":6438.2,"side":"buy"},{"seq":355155610,"timeStamp":1557504649846,"amount":0.025,"price":6438.2,"side":"sell"},{"seq":355155623,"timeStamp":1557504653742,"amount":0.00389032,"price":6438.2,"side":"sell"},{"seq":355155634,"timeStamp":1557504661787,"amount":0.08,"price":6438.5,"side":"buy"},{"seq":355155633,"timeStamp":1557504661787,"amount":0.10602413,"price":6438.3,"side":"buy"},{"seq":355155635,"timeStamp":1557504661787,"amount":0.02864476,"price":6438.5,"side":"buy"},{"seq":355155638,"timeStamp":1557504662653,"amount":0.08767304,"price":6438.5,"side":"buy"},{"seq":355155639,"timeStamp":1557504662653,"amount":0.0125,"price":6438.5,"side":"buy"},{"seq":355155640,"timeStamp":1557504662653,"amount":0.03223931,"price":6438.5,"side":"buy"},{"seq":355155642,"timeStamp":1557504663686,"amount":0.564,"price":6438.5,"side":"buy"},{"seq":355155643,"timeStamp":1557504663807,"amount":0.05,"price":6438.5,"side":"buy"},{"seq":355155645,"timeStamp":1557504663956,"amount":0.4,"price":6438.5,"side":"buy"},{"seq":355155646,"timeStamp":1557504664072,"amount":0.07258179,"price":6438.5,"side":"buy"},{"seq":355155649,"timeStamp":1557504665240,"amount":0.71951656,"price":6438.5,"side":"buy"},{"seq":355155651,"timeStamp":1557504665843,"amount":0.08343626,"price":6438.5,"side":"buy"},{"seq":355155652,"timeStamp":1557504665843,"amount":0.01,"price":6438.6,"side":"buy"},{"seq":355155654,"timeStamp":1557504665881,"amount":0.00568562,"price":6438.8,"side":"buy"},{"seq":355155655,"timeStamp":1557504665881,"amount":0.11747899,"price":6438.8,"side":"buy"},{"seq":355155656,"timeStamp":1557504665881,"amount":0.1,"price":6439,"side":"buy"},{"seq":355155657,"timeStamp":1557504665881,"amount":0.2,"price":6439,"side":"buy"},{"seq":355155658,"timeStamp":1557504665881,"amount":0.48602726,"price":6439,"side":"buy"},{"seq":355155665,"timeStamp":1557504666213,"amount":0.075,"price":6439,"side":"buy"},{"seq":355155666,"timeStamp":1557504666306,"amount":0.03915979,"price":6439,"side":"buy"},{"seq":355155668,"timeStamp":1557504666306,"amount":0.008,"price":6439,"side":"buy"},{"seq":355155667,"timeStamp":1557504666306,"amount":0.01198858,"price":6439,"side":"buy"},{"seq":355155671,"timeStamp":1557504666306,"amount":0.06,"price":6439.9,"side":"buy"},{"seq":355155669,"timeStamp":1557504666306,"amount":0.1,"price":6439.7,"side":"buy"},{"seq":355155670,"timeStamp":1557504666306,"amount":0.1,"price":6439.7,"side":"buy"},{"seq":355155672,"timeStamp":1557504666706,"amount":0.02,"price":6439.9,"side":"buy"},{"seq":355155673,"timeStamp":1557504666706,"amount":0.25,"price":6440,"side":"buy"},{"seq":355155674,"timeStamp":1557504666706,"amount":0.05,"price":6440,"side":"buy"},{"seq":355155678,"timeStamp":1557504666706,"amount":0.12,"price":6440,"side":"buy"},{"seq":355155675,"timeStamp":1557504666706,"amount":0.004,"price":6440,"side":"buy"},{"seq":355155676,"timeStamp":1557504666706,"amount":1.276,"price":6440,"side":"buy"},{"seq":355155680,"timeStamp":1557504666706,"amount":2,"price":6440,"side":"buy"},{"seq":355155681,"timeStamp":1557504666706,"amount":0.07884243,"price":6440,"side":"buy"},{"seq":355155677,"timeStamp":1557504666706,"amount":0.1,"price":6440,"side":"buy"},{"seq":355155679,"timeStamp":1557504666706,"amount":1.31649731,"price":6440,"side":"buy"},{"seq":355155683,"timeStamp":1557504666706,"amount":0.02,"price":6440,"side":"buy"},{"seq":355155684,"timeStamp":1557504666754,"amount":0.025,"price":6440,"side":"buy"},{"seq":355155682,"timeStamp":1557504666706,"amount":5.366,"price":6440,"side":"buy"},{"seq":355155685,"timeStamp":1557504667157,"amount":0.61365908,"price":6440,"side":"buy"},{"seq":355155689,"timeStamp":1557504667354,"amount":0.01,"price":6440,"side":"buy"},{"seq":355155690,"timeStamp":1557504667354,"amount":0.49054382,"price":6440,"side":"buy"},{"seq":355155686,"timeStamp":1557504667354,"amount":0.08400118,"price":6440,"side":"buy"},{"seq":355155688,"timeStamp":1557504667354,"amount":0.003655,"price":6440,"side":"buy"},{"seq":355155687,"timeStamp":1557504667354,"amount":0.04,"price":6440,"side":"buy"},{"seq":355155691,"timeStamp":1557504667366,"amount":7.58901672,"price":6440,"side":"buy"},{"seq":355155693,"timeStamp":1557504667624,"amount":0.577,"price":6439.9,"side":"sell"},{"seq":355155692,"timeStamp":1557504667617,"amount":0.6637622,"price":6440,"side":"buy"},{"seq":355155694,"timeStamp":1557504667704,"amount":0.59609912,"price":6440,"side":"buy"},{"seq":355155697,"timeStamp":1557504668144,"amount":0.05,"price":6440,"side":"buy"},{"seq":355155698,"timeStamp":1557504668146,"amount":0.05,"price":6440,"side":"buy"},{"seq":355155699,"timeStamp":1557504668213,"amount":0.58647161,"price":6440,"side":"buy"},{"seq":355155700,"timeStamp":1557504668543,"amount":0.33930894,"price":6440,"side":"buy"},{"seq":355155706,"timeStamp":1557504668800,"amount":0.5,"price":6440,"side":"buy"},{"seq":355155708,"timeStamp":1557504668922,"amount":0.56430054,"price":6440,"side":"buy"},{"seq":355155711,"timeStamp":1557504669190,"amount":0.27146941,"price":6440,"side":"buy"},{"seq":355155712,"timeStamp":1557504669409,"amount":88.29902764,"price":6440,"side":"buy"},{"seq":355155713,"timeStamp":1557504669409,"amount":0.4633,"price":6440,"side":"buy"},{"seq":355155714,"timeStamp":1557504669409,"amount":0.005,"price":6440,"side":"buy"},{"seq":355155715,"timeStamp":1557504669409,"amount":0.03477459,"price":6440,"side":"buy"},{"seq":355155720,"timeStamp":1557504669409,"amount":0.01,"price":6440,"side":"buy"},{"seq":355155717,"timeStamp":1557504669409,"amount":5,"price":6440,"side":"buy"},{"seq":355155716,"timeStamp":1557504669409,"amount":1,"price":6440,"side":"buy"},{"seq":355155719,"timeStamp":1557504669409,"amount":0.95,"price":6440,"side":"buy"},{"seq":355155718,"timeStamp":1557504669409,"amount":0.001,"price":6440,"side":"buy"},{"seq":355155722,"timeStamp":1557504669639,"amount":0.00778095,"price":6440.01889826,"side":"buy"},{"seq":355155724,"timeStamp":1557504669639,"amount":0.01,"price":6440.2,"side":"buy"},{"seq":355155726,"timeStamp":1557504669822,"amount":0.16828242,"price":6441,"side":"buy"},{"seq":355155727,"timeStamp":1557504669822,"amount":0.07651214,"price":6441,"side":"buy"},{"seq":355155728,"timeStamp":1557504669822,"amount":0.1,"price":6441.1,"side":"buy"},{"seq":355155729,"timeStamp":1557504669822,"amount":0.05131685,"price":6441.1,"side":"buy"},{"seq":355155730,"timeStamp":1557504669822,"amount":0.08,"price":6441.4,"side":"buy"},{"seq":355155731,"timeStamp":1557504669822,"amount":1,"price":6441.8,"side":"buy"},{"seq":355155739,"timeStamp":1557504669822,"amount":0.02,"price":6443,"side":"buy"},{"seq":355155742,"timeStamp":1557504669822,"amount":0.1067549,"price":6443.1,"side":"buy"},{"seq":355155740,"timeStamp":1557504669822,"amount":0.02,"price":6443,"side":"buy"},{"seq":355155743,"timeStamp":1557504669822,"amount":0.0182451,"price":6443.1,"side":"buy"},{"seq":355155736,"timeStamp":1557504669822,"amount":0.002,"price":6442.9,"side":"buy"},{"seq":355155733,"timeStamp":1557504669822,"amount":0.02,"price":6442.1,"side":"buy"},{"seq":355155732,"timeStamp":1557504669822,"amount":0.01,"price":6441.8,"side":"buy"},{"seq":355155734,"timeStamp":1557504669822,"amount":0.08,"price":6442.8,"side":"buy"},{"seq":355155745,"timeStamp":1557504669822,"amount":0.0625,"price":6443.5,"side":"buy"},{"seq":355155749,"timeStamp":1557504669822,"amount":0.001,"price":6443.9,"side":"buy"},{"seq":355155737,"timeStamp":1557504669822,"amount":0.14542198,"price":6442.9,"side":"buy"},{"seq":355155741,"timeStamp":1557504669822,"amount":0.001,"price":6443,"side":"buy"},{"seq":355155751,"timeStamp":1557504669822,"amount":0.1657,"price":6444,"side":"buy"},{"seq":355155738,"timeStamp":1557504669822,"amount":0.01362312,"price":6442.9,"side":"buy"},{"seq":355155747,"timeStamp":1557504669822,"amount":0.15433805,"price":6443.8,"side":"buy"},{"seq":355155746,"timeStamp":1557504669822,"amount":0.01,"price":6443.5,"side":"buy"},{"seq":355155735,"timeStamp":1557504669822,"amount":0.01124,"price":6442.9,"side":"buy"},{"seq":355155752,"timeStamp":1557504669822,"amount":1,"price":6444,"side":"buy"},{"seq":355155744,"timeStamp":1557504669822,"amount":0.05131685,"price":6443.3,"side":"buy"},{"seq":355155754,"timeStamp":1557504669822,"amount":0.05,"price":6444,"side":"buy"},{"seq":355155753,"timeStamp":1557504669822,"amount":0.09419552,"price":6444,"side":"buy"},{"seq":355155748,"timeStamp":1557504669822,"amount":0.13793548,"price":6443.8,"side":"buy"},{"seq":355155750,"timeStamp":1557504669822,"amount":0.07706452,"price":6444,"side":"buy"},{"seq":355155758,"timeStamp":1557504670462,"amount":0.005,"price":6444,"side":"buy"},{"seq":355155759,"timeStamp":1557504670469,"amount":0.01,"price":6444,"side":"buy"},{"seq":355155766,"timeStamp":1557504670762,"amount":0.01,"price":6444,"side":"buy"},{"seq":355155764,"timeStamp":1557504670746,"amount":0.005,"price":6444,"side":"buy"},{"seq":355155765,"timeStamp":1557504670755,"amount":0.01,"price":6444,"side":"buy"},{"seq":355155767,"timeStamp":1557504670768,"amount":0.055,"price":6444,"side":"buy"},{"seq":355155768,"timeStamp":1557504670774,"amount":0.005,"price":6444,"side":"buy"},{"seq":355155769,"timeStamp":1557504670782,"amount":0.005,"price":6444,"side":"buy"},{"seq":355155770,"timeStamp":1557504670835,"amount":1,"price":6444,"side":"buy"},{"seq":355155771,"timeStamp":1557504671177,"amount":0.1,"price":6444,"side":"buy"},{"seq":355155772,"timeStamp":1557504671185,"amount":0.025,"price":6444,"side":"buy"},{"seq":355155774,"timeStamp":1557504671198,"amount":0.05,"price":6444,"side":"buy"},{"seq":355155773,"timeStamp":1557504671191,"amount":0.02,"price":6444,"side":"buy"},{"seq":355155775,"timeStamp":1557504671207,"amount":0.005,"price":6444,"side":"buy"},{"seq":355155776,"timeStamp":1557504671215,"amount":0.015,"price":6444,"side":"buy"},{"seq":355155778,"timeStamp":1557504671586,"amount":1.5416,"price":6444,"side":"buy"},{"seq":355155781,"timeStamp":1557504672540,"amount":0.10033202,"price":6444,"side":"buy"},{"seq":355155787,"timeStamp":1557504673047,"amount":1,"price":6444,"side":"buy"},{"seq":355155788,"timeStamp":1557504673407,"amount":0.00473097,"price":6444,"side":"buy"},{"seq":355155789,"timeStamp":1557504673647,"amount":0.005,"price":6444,"side":"buy"},{"seq":355155790,"timeStamp":1557504673922,"amount":0.1,"price":6444,"side":"buy"},{"seq":355155792,"timeStamp":1557504674122,"amount":1.48703701,"price":6444,"side":"buy"},{"seq":355155795,"timeStamp":1557504674867,"amount":0.0125,"price":6444,"side":"buy"},{"seq":355155796,"timeStamp":1557504675082,"amount":0.005,"price":6444,"side":"buy"},{"seq":355155802,"timeStamp":1557504676069,"amount":0.02331607,"price":6444,"side":"buy"},{"seq":355155803,"timeStamp":1557504676393,"amount":2,"price":6444,"side":"buy"},{"seq":355155804,"timeStamp":1557504676574,"amount":2.20426625,"price":6444,"side":"buy"},{"seq":355155805,"timeStamp":1557504677335,"amount":0.005,"price":6444,"side":"buy"},{"seq":355155821,"timeStamp":1557504683160,"amount":0.005,"price":6444,"side":"buy"},{"seq":355155823,"timeStamp":1557504683384,"amount":0.31855409,"price":6443.9,"side":"sell"},{"seq":355155825,"timeStamp":1557504683384,"amount":0.08144591,"price":6443.9,"side":"sell"},{"seq":355155826,"timeStamp":1557504683959,"amount":2,"price":6444,"side":"buy"},{"seq":355155831,"timeStamp":1557504686885,"amount":0.04185709,"price":6443.9,"side":"sell"},{"seq":355155832,"timeStamp":1557504686885,"amount":0.058129,"price":6443.9,"side":"sell"},{"seq":355155830,"timeStamp":1557504686885,"amount":0.07358409,"price":6443.9,"side":"sell"},{"seq":355155834,"timeStamp":1557504687958,"amount":0.005,"price":6443.95245488,"side":"buy"},{"seq":355155838,"timeStamp":1557504692047,"amount":0.011,"price":6443.9,"side":"sell"},{"seq":355155841,"timeStamp":1557504692082,"amount":0.46741198,"price":6443.95245488,"side":"buy"},{"seq":355155839,"timeStamp":1557504692082,"amount":0.27799671,"price":6443.93180147,"side":"buy"},{"seq":355155843,"timeStamp":1557504692082,"amount":0.2904019,"price":6444,"side":"buy"},{"seq":355155844,"timeStamp":1557504692452,"amount":0.002,"price":6443.8,"side":"sell"},{"seq":355155854,"timeStamp":1557504696744,"amount":0.03,"price":6440.1,"side":"buy"},{"seq":355155857,"timeStamp":1557504696744,"amount":0.0508846,"price":6441.6,"side":"buy"},{"seq":355155859,"timeStamp":1557504701048,"amount":0.01,"price":6441.5,"side":"buy"},{"seq":355155860,"timeStamp":1557504704448,"amount":0.07453128,"price":6443.5,"side":"buy"},{"seq":355155866,"timeStamp":1557504707716,"amount":0.0331,"price":6442.8,"side":"buy"},{"seq":355155867,"timeStamp":1557504708450,"amount":0.00222941,"price":6441.6,"side":"sell"},{"seq":355155875,"timeStamp":1557504710298,"amount":0.015,"price":6442.9,"side":"buy"},{"seq":355155876,"timeStamp":1557504711084,"amount":0.00405336,"price":6441.7,"side":"sell"},{"seq":355155879,"timeStamp":1557504712095,"amount":0.00200598,"price":6441.6,"side":"sell"},{"seq":355155880,"timeStamp":1557504712164,"amount":0.015,"price":6443.9,"side":"buy"},{"seq":355155885,"timeStamp":1557504716793,"amount":0.1,"price":6442.3,"side":"buy"},{"seq":355155883,"timeStamp":1557504716793,"amount":0.002,"price":6442.3,"side":"buy"},{"seq":355155887,"timeStamp":1557504717111,"amount":0.298102,"price":6444,"side":"buy"},{"seq":355155888,"timeStamp":1557504717111,"amount":1.2,"price":6444,"side":"buy"},{"seq":355155910,"timeStamp":1557504721690,"amount":0.005,"price":6444,"side":"buy"},{"seq":355155913,"timeStamp":1557504726979,"amount":0.0281,"price":6443.9,"side":"sell"},{"seq":355155917,"timeStamp":1557504728372,"amount":0.32119934,"price":6444,"side":"buy"},{"seq":355155920,"timeStamp":1557504729289,"amount":0.005,"price":6443.9,"side":"sell"},{"seq":355155922,"timeStamp":1557504729929,"amount":0.549,"price":6444,"side":"buy"},{"seq":355155925,"timeStamp":1557504733055,"amount":0.32447019,"price":6444,"side":"buy"},{"seq":355155928,"timeStamp":1557504734757,"amount":0.00370168,"price":6444,"side":"buy"},{"seq":355155930,"timeStamp":1557504734827,"amount":4,"price":6444,"side":"buy"},{"seq":355155938,"timeStamp":1557504735354,"amount":0.07085214,"price":6444,"side":"buy"},{"seq":355155939,"timeStamp":1557504735503,"amount":0.02325522,"price":6444,"side":"buy"},{"seq":355155942,"timeStamp":1557504736457,"amount":0.26809702,"price":6444,"side":"buy"},{"seq":355155944,"timeStamp":1557504737188,"amount":0.07086631,"price":6444,"side":"buy"},{"seq":355155950,"timeStamp":1557504737848,"amount":0.26570927,"price":6444,"side":"buy"},{"seq":355155951,"timeStamp":1557504738021,"amount":0.02324264,"price":6444,"side":"buy"},{"seq":355155953,"timeStamp":1557504738025,"amount":0.04648529,"price":6444,"side":"buy"},{"seq":355155955,"timeStamp":1557504738226,"amount":0.59609912,"price":6444,"side":"buy"},{"seq":355155956,"timeStamp":1557504738337,"amount":0.28006283,"price":6444,"side":"buy"},{"seq":355155957,"timeStamp":1557504738695,"amount":0.54017183,"price":6444,"side":"buy"},{"seq":355155959,"timeStamp":1557504738869,"amount":0.03,"price":6444,"side":"buy"},{"seq":355155960,"timeStamp":1557504738875,"amount":0.03,"price":6444,"side":"buy"},{"seq":355155963,"timeStamp":1557504739069,"amount":0.46536786,"price":6444,"side":"buy"},{"seq":355155965,"timeStamp":1557504739096,"amount":0.02361738,"price":6444,"side":"buy"},{"seq":355155966,"timeStamp":1557504739357,"amount":0.23140496,"price":6444,"side":"buy"},{"seq":355155967,"timeStamp":1557504740170,"amount":0.39799069,"price":6444,"side":"buy"},{"seq":355155968,"timeStamp":1557504740279,"amount":0.24365924,"price":6444,"side":"buy"},{"seq":355155970,"timeStamp":1557504740718,"amount":0.0236221,"price":6444,"side":"buy"},{"seq":355155973,"timeStamp":1557504741028,"amount":0.26482833,"price":6444,"side":"buy"},{"seq":355155975,"timeStamp":1557504741352,"amount":0.03516004,"price":6443.9,"side":"sell"},{"seq":355155977,"timeStamp":1557504741570,"amount":0.37327587,"price":6444,"side":"buy"},{"seq":355155978,"timeStamp":1557504742415,"amount":0.53877443,"price":6444,"side":"buy"},{"seq":355155979,"timeStamp":1557504742415,"amount":0.01552,"price":6444,"side":"buy"},{"seq":355155980,"timeStamp":1557504742415,"amount":0.05,"price":6444,"side":"buy"},{"seq":355155982,"timeStamp":1557504742415,"amount":0.02,"price":6444,"side":"buy"},{"seq":355155981,"timeStamp":1557504742415,"amount":0.01,"price":6444,"side":"buy"},{"seq":355155983,"timeStamp":1557504742415,"amount":0.01853,"price":6444,"side":"buy"},{"seq":355155984,"timeStamp":1557504742415,"amount":1,"price":6444,"side":"buy"},{"seq":355155985,"timeStamp":1557504742561,"amount":0.00834634,"price":6444.06484222,"side":"buy"},{"seq":355155987,"timeStamp":1557504743041,"amount":0.005,"price":6444.28961688,"side":"sell"},{"seq":355155989,"timeStamp":1557504743049,"amount":0.05,"price":6444.3,"side":"buy"},{"seq":355155990,"timeStamp":1557504743049,"amount":0.025,"price":6444.3,"side":"buy"},{"seq":355155991,"timeStamp":1557504743199,"amount":0.0236221,"price":6444.3,"side":"buy"},{"seq":355155999,"timeStamp":1557504744680,"amount":0.03106792,"price":6444.3,"side":"buy"},{"seq":355156002,"timeStamp":1557504744957,"amount":0.00030998,"price":6444.3,"side":"buy"},{"seq":355156004,"timeStamp":1557504744957,"amount":0.0025693,"price":6444.7,"side":"buy"},{"seq":355156007,"timeStamp":1557504744957,"amount":0.04360704,"price":6445,"side":"buy"},{"seq":355156005,"timeStamp":1557504744957,"amount":0.04360704,"price":6445,"side":"buy"},{"seq":355156006,"timeStamp":1557504744957,"amount":0.05639296,"price":6445,"side":"buy"},{"seq":355156008,"timeStamp":1557504744957,"amount":0.2,"price":6445,"side":"buy"},{"seq":355156009,"timeStamp":1557504744977,"amount":0.02324328,"price":6445,"side":"buy"},{"seq":355156010,"timeStamp":1557504745474,"amount":0.5,"price":6445,"side":"buy"},{"seq":355156011,"timeStamp":1557504746175,"amount":0.0236221,"price":6445,"side":"buy"},{"seq":355156017,"timeStamp":1557504748020,"amount":0.02361738,"price":6445,"side":"buy"},{"seq":355156019,"timeStamp":1557504748242,"amount":0.0181,"price":6445,"side":"buy"},{"seq":355156021,"timeStamp":1557504748414,"amount":0.005,"price":6445,"side":"buy"},{"seq":355156029,"timeStamp":1557504750347,"amount":0.03102587,"price":6445,"side":"buy"},{"seq":355156044,"timeStamp":1557504751749,"amount":0.07085214,"price":6445,"side":"buy"},{"seq":355156051,"timeStamp":1557504753409,"amount":0.0236221,"price":6445,"side":"buy"},{"seq":355156052,"timeStamp":1557504753639,"amount":0.01,"price":6444.96394087,"side":"sell"},{"seq":355156059,"timeStamp":1557504755067,"amount":0.02361738,"price":6445,"side":"buy"},{"seq":355156064,"timeStamp":1557504755869,"amount":0.02331854,"price":6445,"side":"buy"},{"seq":355156067,"timeStamp":1557504755884,"amount":0.04663708,"price":6445,"side":"buy"},{"seq":355156072,"timeStamp":1557504758625,"amount":0.03,"price":6444.96394087,"side":"sell"},{"seq":355156081,"timeStamp":1557504759662,"amount":0.04652156,"price":6445,"side":"buy"},{"seq":355156082,"timeStamp":1557504760078,"amount":0.11,"price":6445,"side":"buy"},{"seq":355156083,"timeStamp":1557504760327,"amount":1.2,"price":6445,"side":"buy"},{"seq":355156092,"timeStamp":1557504766237,"amount":0.005,"price":6444.96394087,"side":"sell"},{"seq":355156094,"timeStamp":1557504767069,"amount":2.6e-7,"price":6445,"side":"buy"},{"seq":355156107,"timeStamp":1557504769589,"amount":0.19330271,"price":6445,"side":"buy"},{"seq":355156124,"timeStamp":1557504772111,"amount":0.0008,"price":6445,"side":"buy"},{"seq":355156129,"timeStamp":1557504772740,"amount":0.69,"price":6445,"side":"buy"},{"seq":355156133,"timeStamp":1557504774565,"amount":0.055,"price":6445,"side":"buy"},{"seq":355156136,"timeStamp":1557504776178,"amount":0.0338,"price":6445,"side":"buy"},{"seq":355156137,"timeStamp":1557504776323,"amount":0.02,"price":6445,"side":"buy"},{"seq":355156142,"timeStamp":1557504781504,"amount":0.025,"price":6445,"side":"buy"},{"seq":355156143,"timeStamp":1557504782010,"amount":0.05,"price":6445,"side":"buy"},{"seq":355156152,"timeStamp":1557504788709,"amount":0.005,"price":6444.9,"side":"sell"},{"seq":355156153,"timeStamp":1557504789422,"amount":0.01062982,"price":6444.96394087,"side":"buy"},{"seq":355156155,"timeStamp":1557504789422,"amount":0.9747661,"price":6445,"side":"buy"},{"seq":355156157,"timeStamp":1557504791193,"amount":0.005,"price":6444.9,"side":"sell"},{"seq":355156160,"timeStamp":1557504791374,"amount":0.05340656,"price":6445,"side":"buy"},{"seq":355156158,"timeStamp":1557504791374,"amount":0.00531491,"price":6444.96394087,"side":"buy"},{"seq":355156165,"timeStamp":1557504794872,"amount":0.01,"price":6444.9,"side":"sell"},{"seq":355156166,"timeStamp":1557504794912,"amount":0.0038855,"price":6444.96394087,"side":"buy"},{"seq":355156168,"timeStamp":1557504794912,"amount":0.0011145,"price":6445,"side":"buy"},{"seq":355156172,"timeStamp":1557504796541,"amount":0.02467107,"price":6445,"side":"buy"},{"seq":355156174,"timeStamp":1557504796958,"amount":0.02322027,"price":6445,"side":"buy"},{"seq":355156177,"timeStamp":1557504800504,"amount":0.00251217,"price":6444.9,"side":"sell"},{"seq":355156179,"timeStamp":1557504801175,"amount":0.005,"price":6445,"side":"buy"},{"seq":355156181,"timeStamp":1557504803129,"amount":0.00325666,"price":6444.96394087,"side":"sell"},{"seq":355156187,"timeStamp":1557504804060,"amount":0.0027977,"price":6444.9,"side":"sell"},{"seq":355156190,"timeStamp":1557504805628,"amount":0.00084472,"price":6444.9,"side":"sell"},{"seq":355156234,"timeStamp":1557504812798,"amount":0.02,"price":6445,"side":"buy"},{"seq":355156235,"timeStamp":1557504814028,"amount":0.6849,"price":6445,"side":"buy"},{"seq":355156236,"timeStamp":1557504814197,"amount":0.6566586,"price":6445,"side":"buy"},{"seq":355156239,"timeStamp":1557504820236,"amount":0.003,"price":6445,"side":"buy"},{"seq":355156256,"timeStamp":1557504829945,"amount":0.005,"price":6444.9,"side":"sell"},{"seq":355156263,"timeStamp":1557504832307,"amount":0.5,"price":6445,"side":"buy"},{"seq":355156286,"timeStamp":1557504843586,"amount":0.6,"price":6445,"side":"buy"},{"seq":355156297,"timeStamp":1557504850823,"amount":0.00719055,"price":6444.96394087,"side":"buy"},{"seq":355156299,"timeStamp":1557504850823,"amount":0.00272988,"price":6445,"side":"buy"},{"seq":355156300,"timeStamp":1557504850838,"amount":0.01678567,"price":6445,"side":"buy"},{"seq":355156311,"timeStamp":1557504859828,"amount":0.0152,"price":6445,"side":"buy"},{"seq":355156316,"timeStamp":1557504862538,"amount":0.02440816,"price":6445,"side":"buy"},{"seq":355156314,"timeStamp":1557504862538,"amount":0.0038855,"price":6444.96394087,"side":"buy"},{"seq":355156317,"timeStamp":1557504863184,"amount":1,"price":6445,"side":"buy"},{"seq":355156323,"timeStamp":1557504863568,"amount":0.05,"price":6445,"side":"buy"},{"seq":355156327,"timeStamp":1557504864503,"amount":0.03100029,"price":6445,"side":"buy"},{"seq":355156330,"timeStamp":1557504865543,"amount":0.01096918,"price":6445,"side":"buy"},{"seq":355156333,"timeStamp":1557504866252,"amount":0.0309998,"price":6445,"side":"buy"},{"seq":355156339,"timeStamp":1557504867939,"amount":0.03099931,"price":6445,"side":"buy"},{"seq":355156344,"timeStamp":1557504869687,"amount":0.03099882,"price":6445,"side":"buy"},{"seq":355156347,"timeStamp":1557504870120,"amount":0.01,"price":6444.9,"side":"sell"},{"seq":355156352,"timeStamp":1557504871714,"amount":0.04647546,"price":6445,"side":"buy"},{"seq":355156354,"timeStamp":1557504871725,"amount":0.02323747,"price":6445,"side":"buy"},{"seq":355156355,"timeStamp":1557504872277,"amount":0.005,"price":6444.9,"side":"sell"},{"seq":355156369,"timeStamp":1557504887441,"amount":0.00349058,"price":6444.9,"side":"sell"},{"seq":355156374,"timeStamp":1557504889668,"amount":0.0021387,"price":6444.9,"side":"sell"},{"seq":355156381,"timeStamp":1557504890626,"amount":0.00147713,"price":6444.9,"side":"sell"},{"seq":355156382,"timeStamp":1557504891725,"amount":0.00234745,"price":6444.9,"side":"sell"}